1664 3074
84 359 156 388 esse
175 359 208 379 se
221 348 374 379 iuvenem
395 352 592 388 generosum
605 368 615 380 ‚
636 342 777 379 virtute,
797 340 993 383 disciplina,
1019 341 1160 373 fortunis
1181 353 1314 385 quoque
1331 351 1366 375 et

83 406 212 454 pudore
242 416 462 451 praestantem.
511 406 682 438 Eiusmodi
716 415 792 436 vero
825 403 925 435 fuisse
957 404 1110 435 Marcum
1124 407 1223 448 ”apud
1251 417 1367 438 omnes

82 474 120 506 in
147 473 297 504 confesso
326 479 383 502 est.

132 537 247 569 Altera
279 544 314 567 et
346 534 514 567 contraria
537 544 613 565 mea
635 533 718 564 item
744 531 801 562 sed
825 530 928 562 levior
951 530 1114 572 suspicio,
1140 541 1261 572 nempe
1283 532 1371 564 hanc

85 610 156 632 esse
181 601 359 632 Frontonis
383 597 569 640 Epistulam
595 597 635 627 ad
660 595 834 630 Marcum,
860 592 912 625 his
938 594 1044 623 utitur
1067 596 1289 635 argumentis:

183 674 210 696 ι.
235 661 422 705 Epistulam
447 666 487 692 do
501 667 681 695 Amore.ex
705 657 854 688 Platonis
880 657 1045 687 sententia
1070 658 1203 699 scripsit
1227 659 1371 697 Fronto,

86 733 126 758 ut
151 727 227 769 ipe·
245 727 359 759 innuit
387 725 423 757 in
455 725 564 767 prima
590 733 692 766 graeca
716 721 879 763 Epistula.
913 720 1096 769 ,lambres-o,
1122 723 1148 752 si
1165 722 1207 753 ad
1225 723 1373 756 Platonis

87 797 178 821 certe
201 788 413 832 Symposium
442 794 476 818 et
506 786 618 816 locum
643 784 833 817 Philostrati
865 795 883 814 a
908 794 962 816 me
985 785 1021 815 iu
1046 785 1177 816 Monito
1195 787 1237 817 ad
1258 789 1283 818 Ι.
1300 789 1375 830 Epi-

85 853 209 885 stulam
224 853 396 884 laudatum
414 852 645 893 respiciamus,
666 851 790 881 Fronto
811 849 844 879 in
862 848 1034 880 Platonica
1056 848 1208 890 Epistula
1224 862 1374 883 amorem

84 917 238 963 laudasse
253 918 364 962 potius
383 927 484 958 quam
507 915 709 955 vituperasse
729 913 915 960 credendus
932 919 989 943 est.
1039 913 1140 954 Quod
1160 921 1273 946 autem
1289 915 1376 947 iuve-

82 981 138 1014 nis
159 981 312 1013 videatur
336 981 377 1013 ad
403 980 646 1023 provectiorem
672 978 838 1013 scribere,
863 976 953 1007 haud
978 968 1085 1007 ausim
1111 977 1224 1009 dicere
1238 979 1280 1009 >id
1293 978 1378 1010 adeo

85 1054 158 1081 rem
189 1046 376 1082 conficere,
401 1051 440 1076 ut
459 1043 506 1075 M.
533 1041 670 1074 Aurelio
698 1042 770 1072 sine
803 1040 906 1071 dubio
934 1038 1113 1071 tribuenda
1138 1041 1290 1083 Epistula
1318 1044 1379 1078 sit:

89 1119 194 1150 quum
220 1108 310 1141 enim
341 1110 524 1155 secundam
548 1113 722 1139 deAmore
746 1105 934 1147 Epistulam
963 1116 1032 1136 non
1062 1105 1124 1137 sub
1151 1117 1210 1137 sua
1236 1107 1292 1138 sed
1317 1108 1378 1155 sub

86 1172 237 1204 Platonis
270 1184 411 1214 persona
444 1173 569 1204 Fronto
602 1170 792 1212 scripserit,
831 1169 859 1199 is
896 1168 1033 1209 quidem
1067 1169 1171 1200 aetatis
1199 1177 1234 1201 et
1258 1181 1323 1203 suoe
1347 1177 1381 1202 et

87 1235 134 1268 Μ.
159 1236 288 1268 Aurelii
308 1237 474 1268 rationem
499 1235 638 1277 fortasse
664 1244 732 1265 non
761 1231 888 1263 habuit.

184 1305 213 1328 2.
240 1301 271 1329 Is
289 1301 347 1340 qui
361 1298 450 1332 hanc
469 1304 624 1339 quartam
648 1294 835 1336 Epistulam
861 1293 978 1324 scribit
991 1316 1002 1333 ‚
1029 1303 1064 1324 se
1081 1296 1240 1331 amavisse
1255 1296 1381 1340 Diony-

88 1361 180 1393 sium
197 1361 365 1393 rhetorem
382 1361 438 1393 ait.
465 1362 615 1392 Iamvero
628 1358 692 1389 hoc
706 1357 837 1388 videtur
851 1355 1036 1387 bellissime
1055 1357 1136 1393 dici,
1160 1357 1187 1388 si
1204 1358 1382 1390 Frontonis

25 1423 29 1433 ²
54 1438 56 1461 ς
86 1422 262 1456 Platonem
273 1423 438 1455 imitantis
447 1429 499 1454 est
508 1422 577 1453 haec
586 1419 749 1462 Epistula.
764 1419 854 1451 Nam
866 1418 1047 1460 Dionysius
1058 1420 1195 1461 quidam
1207 1422 1383 1455 Platonem

84 1487 233 1518 instituit
257 1488 294 1518 in
314 1487 454 1523 litteris,
486 1492 524 1516 ut
554 1485 625 1526 ipse
658 1482 753 1514 Plato
775 1483 811 1512 in
840 1481 982 1524 Dialogo
1014 1483 1190 1526 Ἐρασταὶ,
1226 1497 1288 1517 nec
1314 1498 1383 1518 non

86 1551 239 1582 Laertius
259 1550 310 1580 111,
329 1548 362 1590 4.
379 1549 542 1592 Apuleius
558 1554 598 1580 de
613 1551 763 1579 Habitud.
783 1552 887 1578 doctr.
902 1551 1030 1578 Platon.
1047 1546 1108 1577 sub
1124 1547 1260 1581 initium
1272 1574 1281 1585 ,
1307 1552 1384 1582 Por-

87 1612 228 1658 phyrius
247 1613 336 1654 apud
361 1611 476 1659 Cyl-ill.
503 1612 577 1643 Lib.
603 1613 660 1642 vl.
679 1619 793 1642 contra
809 1613 925 1641 Iulian·
943 1606 1048 1650 (Edit.
1075 1610 1255 1652 Lipsiensis
1285 1609 1382 1655 1694.

88 1675 184 1710 Tom.
212 1677 249 1707 11.
275 1687 306 1718 p.
332 1673 431 1716 208.)
458 1682 490 1705 et
508 1674 654 1716 denique
671 1673 935 1716 Olympiodorus
950 1684 968 1703 a
983 1673 1140 1714 Mena'gio
1155 1674 1196 1705 ad
1212 1676 1385 1710 Laenium

89 1737 248 1769 laudatus
264 1761 274 1774 ,
299 1744 399 1768 testes
425 1744 513 1768 sunt.
560 1738 746 1780 Dionysius
768 1737 852 1768 item
870 1737 1030 1778 magister
1047 1737 1227 1769 Frontonis
1242 1739 1323 1777 suit,
1350 1748 1388 1772 ut

90 1808 224 1835 constat
237 1811 275 1832 ex
292 1802 420 1844 Fragm.
439 1803 492 1842 ¹¹1:
508 1802 580 1832 Lib.
598 1803 622 1832 1.
649 1802 692 1833 (ιε’
715 1805 931 1833 orationibus.
955 1800 1132 1843 Ingeniose
1145 1801 1248 1844 igitur
1263 1805 1388 1845 Fronto

91 1859 231 1906 parodia
258 1863 403 1906 quadam
433 1875 468 1895 se
494 1871 527 1895 et
543 1865 718 1895 Platonem
730 1863 971 1906 Dionysiorum
986 1865 1223 1906 magistrorum
1240 1872 1390 1901 amantes

93 1927 131 1959 in
156 1928 279 1960 amoris
301 1927 491 1969 exemplum
515 1930 604 1971 apud
631 1928 833 1970 discipulum
857 1928 1012 1959 Marcum
1030 1930 1204 1970 posuisset.
1241 1932 1391 1975 Scriptor

93 1996 208 2021 tamen
242 1991 342 2023 huius
377 1990 535 2032 Epistulae
565 1991 648 2022 dicit
682 2002 717 2022 se
741 1991 903 2023 amavisse
926 1991 1128 2033 Dionysium
1153 1998 1330 2026 rhetorem:
1355 2003 1392 2027 at

92 2053 243 2086 Platonis
277 2055 439 2097 magister
459 2056 654 2098 SDionysius
678 2057 743 2087 suit
765 2061 1010 2096 grammaticus,
1036 2062 1076 2086 ut
1095 2067 1114 2086 e
1138 2055 1221 2088 locis
1245 2057 1390 2090 laudatis

91 2125 202 2162 patet:
226 2129 298 2160 quae
322 2119 515 2158 diversitas,
541 2120 658 2161 quanti
684 2121 727 2153 sit
750 2119 927 2156 facienda,
953 2130 1021 2150 non
1044 2119 1169 2151 iudico.

139 2182 237 2214 Nihil
268 2183 345 2214 dico
371 2184 413 2214 de
445 2174 685 2221 Athenodoto,
709 2186 804 2215 cuius
830 2184 959 2216 nullam
986 2184 1142 2216 notitiam
1168 2185 1393 2227 deprehendi,

94 2238 162 2275 nisi
183 2245 271 2278 forte
293 2249 456 2280 mendum
481 2256 532 2280 est
556 2260 616 2290 pro
643 2255 873 2283 Athenodoro:-

141 2308 297 2352 naenique
309 2319 348 2343 ut
359 2319 398 2344 ut
409 2324 447 2344 ea
461 2321 559 2359 sumi
583 2314 625 2345 de
648 2315 771 2356 quibus
788 2315 856 2347 buc
873 2324 978 2355 usque
993 2313 1146 2349 disserui,
1166 2312 1251 2344 illud
1269 2313 1393 2357 diserte

95 2378 230 2408 ’1101ῑὲ0,
253 2374 410 2415 pudicam
435 2386 506 2407 esse
529 2376 617 2408 hanc
641 2378 847 2419 Epistulam:
873 2386 986 2408 merus
1011 2377 1103 2407 enim
1123 2376 1217 2407 lusus
1236 2384 1301 2417 est,
1325 2387 1392 2417 quo

92 2432 166 2464 aiio*
209 2435 346 2468 Marcus
396 2439 462 2469 sive
522 2439 650 2470 Etonto
700 2439 926 2483 φιλοστοργίαν
975 2446 1130 2469 mutuam
1185 2445 1394 2482 provocant,

99 2506 222 2539 nempe
245 2504 316 2532 non
330 2507 400 2533 tam
411 2514 564 2536 amorem
576 2521 596 2541 ,>
619 2515 723 2546 quam
739 2505 900 2546 pietatem
919 2503 1054 2546 qualem
1073 2505 1165 2535 inter
1189 2502 1393 2545 discipulum

98 2565 145 2589 et
157 2561 352 2603 magistrum
377 2565 584 2603 intercedere
609 2577 669 2608 par
679 2593 683 2597 ,
694 2573 751 2598 est.

929 2627 1043 2680 27*
