1748 3054
561 240 979 288 HISTORIAE‚
1328 241 1419 286 351,

135 413 150 428 .
183 399 206 426 .>
232 387 252 425 .‘
279 369 533 445 pauculis
568 368 765 423 diebus
787 370 848 422 in
871 366 1034 422 fascis
1069 365 1414 437 tene(ntur);

133 463 214 518 illi
243 464 303 516 in
333 464 539 537 pannis
573 474 708 516 sunt
740 480 967 515 omnem
998 472 1258 515 aetatem.
1309 462 1414 514 Ita-

135 575 250 628 que
281 553 469 610 bonus
504 555 597 632 ille
628 557 939 628 Imperator
959 595 972 606 .
996 594 1009 606 .
1033 594 1044 606 .
1070 554 1262 606 venire
1291 572 1418 626 cap-

134 650 282 702 tivos
300 648 535 704 iubebat
556 690 568 702 .
595 690 606 702 .
634 690 645 701 .
667 650 807 716 sint3
846 649 1101 721 ingratiis
1125 645 1262 720 quid
1286 664 1418 718 egO,

138 743 357 814 quippe
396 741 490 794 cui.
516 781 529 793 .
565 781 578 793 .
616 781 630 795 .
665 742 754 794 sin
777 782 789 793 .
816 781 829 794 .
856 781 868 793 .
890 759 1031 792 num
1069 759 1163 792 me
1185 779 1197 792 .
1223 782 1234 793 .
1262 780 1273 792 .
1300 781 1312 793 .
1342 740 1420 791 ais

141 847 228 887 est
259 875 272 886 .
307 875 321 887 .
355 875 367 886 .
408 832 579 907 Quod
610 835 734 905 quis
760 875 772 886 .
800 874 812 886 .
841 874 854 886 .
882 875 894 886 .
920 831 1170 886 Piscibus
1199 834 1261 885 in
1293 851 1422 885 cau-

140 924 226 979 dis
245 967 260 990 ‚
297 923 495 979 avibus
518 927 580 978 in
605 927 816 999 pinnis,
859 925 1138 997 anguibus
1162 923 1438 998 serpendi

501 1232 949 1293 -FRAGMENTUM
996 1256 1046 1294 v.

222 1347 395 1464 Um
443 1407 694 1480 primum
732 1425 998 1478 magnum
1040 1405 1243 1460 ducem
1282 1408 1428 1479 resp.

149 1500 438 1573 poposcit,
481 1499 748 1552 omnibus
776 1500 1039 1572 Arpinati
1065 1512 1432 1571 paupertate,

153 1605 252 1645 aut
274 1592 522 1646 Nursina
543 1588 750 1644 duritia
765 1607 824 1650 (ι)
852 1590 1090 1643 ducibus
1115 1590 1435 1644 bellicosior

155 1684 347 1754 extitit
372 1725 383 1736 .
408 1725 419 1737 .
445 1724 456 1736 .
486 1724 498 1736 .
524 1681 758 1736 Parthos
783 1701 1020 1736 romano
1046 1687 1322 1753 sanguine
1355 1686 1435 1734 in-

155 1780 340 1850 piatos
375 1818 549 1830 .....
579 1779 752 1830 visui.
778 1818 789 1828 .
819 1817 831 1829 .
859 1818 869 1828 .
901 1775 1107 1828 orbant
1131 1817 1142 1828 .
1171 1817 1182 1829 .
1213 1817 1224 1828 .
1254 1816 1265 1829 .
1287 1788 1437 1828 tran-

157 1869 360 1942 quillus
385 1911 397 1923 .
429 1912 440 1924 .
468 1910 480 1922 .
505 1910 516 1922 .
544 1867 861 1922 oratoribus
888 1911 900 1922 .
926 1910 938 1921 .
969 1911 980 1922 .
1007 1909 1020 1921 .
1046 1882 1216 1941 atque
1244 1909 1256 1921 .
1284 1909 1298 1921 .
1326 1909 1338 1920 .
1368 1909 1379 1922 .
1404 1864 1439 1895 '¹‘

264 2022 289 2048 '¹
322 2023 386 2067 In
421 2022 680 2082 margine:
728 2024 1006 2084 Panegyricus
1041 2023 1242 2081 Vologesi
1267 2031 1341 2078 (ο).

214 2169 286 2223 (ι)
326 2168 388 2209 Ita
428 2167 618 2222 loquitur
666 2168 829 2207 Fronto
870 2167 967 2222 quia
1006 2168 1217 2223 Arpinum
1264 2172 1440 2212 Volsco·

160 2248 280 2286 rum,
338 2234 491 2276 Nursia
534 2232 786 2275 Sabinorum
835 2234 879 2274 in
921 2235 1136 2276 montibus
1179 2238 1355 2292 exiguae
1397 2246 1442 2278 et

161 2315 374 2358 pauperes
423 2302 615 2343 civitates
662 2300 849 2344 fuerunt.
931 2302 988 2343 Et
1038 2304 1214 2344 Nursini
1265 2305 1442 2360 quidem

162 2370 304 2424 rapis,
352 2368 500 2424 quibus
542 2381 617 2408 eos
659 2368 893 2409 abundasse
936 2378 1130 2422 constat,
1176 2372 1306 2413 vitam
1346 2371 1442 2414 fere

161 2438 364 2480 tolerasse
391 2435 602 2477 videntur.

219 2504 285 2556 (2)
333 2503 396 2542 lta
450 2502 556 2544 eod.
618 2502 707 2543 sine
765 2502 1029 2558 diphthongo
1049 2535 1060 2555 ‚
1126 2503 1239 2559 quod
1295 2506 1444 2548 mallet

162 2569 399 2626 Dausquius
419 2570 676 2625 inOrthogr.
700 2569 815 2610 Alibi
837 2577 981 2610 tamen
1005 2570 1158 2625 (Epist.
1185 2584 1242 2614 tv.
1265 2573 1362 2618 Lib.
1386 2574 1439 2617 11.
