1708 3028
650 306 948 349 MATIDIAE.
1355 305 1433 358 293

147 434 492 506 scripserim,
542 445 610 496 ut
643 433 828 496 scires,
856 430 1182 503 exemplum
1213 430 1423 484 littera-

144 546 272 580 rum
304 539 361 584 (ι)
400 526 526 580 misi
563 525 686 580 tibi.

219 619 289 671 In
322 617 595 672 Oratione
620 615 869 692 Bithyna
890 629 974 681 (2),
1014 616 1172 669 cuius
1199 627 1425 688 partem

143 709 340 782 legisse
379 720 438 764 te
476 709 697 774 scribiS,
756 710 932 764 multa
973 720 1109 762 sunt
1150 727 1299 762 nova
1333 706 1426 760 ad-

145 800 287 865 dita,
346 799 720 865 utarbitror,
783 820 906 854 non
946 812 1012 853 ut
1049 802 1315 854 inornate
1337 813 1424 862 <3):

141 891 297 946 locus
331 893 394 947 in
425 894 620 967 primis
640 893 730 955 „de
762 907 886 947 acta·
920 895 1062 958 vita,
1114 877 1284 966 quem
1317 889 1424 944 tibi

630 960 689 1022 e
983 996 1024 1055 ,ιε

145 1096 430 1137 concessisse:
459 1109 673 1151 quumque
702 1109 799 1135 eum
828 1094 882 1134 ad
910 1095 1119 1135 divisione
1137 1103 1319 1135 mmater
1349 1106 1424 1134 vo-

145 1170 280 1213 caret,
329 1163 621 1218 respondisse,
667 1162 735 1204 avi
772 1162 895 1203 bonis
935 1175 982 1202 se
1022 1175 1115 1202 esse
1153 1169 1424 1202 contentum:

140 1229 272 1269 immo
302 1238 347 1270 et
371 1229 499 1270 matri
526 1229 771 1284 permisisse
799 1238 868 1278 ut,
897 1229 935 1268 si
947 1229 1118 1278 ”vellen
1158 1229 1201 1268 in
1230 1238 1424 1268 sororem

139 1295 441 1349 patrimonium
479 1310 599 1336 suum
636 1294 871 1336 conferret.
931 1297 978 1334 ln
1017 1308 1141 1335 causa
1181 1304 1320 1335 autem
1349 1293 1424 1332 he-

138 1361 328 1411 reditatis
359 1363 411 1402 ab
443 1376 576 1403 uxore
611 1375 684 1402 sua
713 1361 962 1415 filiabusque
979 1361 1182 1414 adeunda,
1213 1359 1424 1402 credibile

139 1436 208 1470 est
257 1429 450 1469 timuisse
493 1432 711 1480 Marcum,
765 1443 819 1469 ne
871 1429 915 1469 in
962 1429 1164 1469 avaritiae
1215 1427 1423 1483 suspicio-

138 1507 238 1535 nem
284 1496 559 1547 incurreret,
611 1497 648 1536 si
698 1510 779 1550 pro
826 1497 911 1536 suis
951 1497 1206 1536 sententiam
1245 1495 1422 1536 tulisset.

67 1558 71 1561 ’
137 1563 279 1603 Docet
306 1571 463 1604 ·autem
505 1577 581 1604 nos
621 1563 884 1617 Capitolinus
922 1563 966 1603 in
1004 1566 1165 1606 Marco
1204 1578 1246 1618 p.
1275 1565 1342 1605 50.
1370 1562 1419 1603 C.

137 1627 244 1669 nihil
299 1629 413 1670 hunc
463 1631 595 1684 magis
643 1630 832 1670 timuisse
883 1640 928 1671 et
975 1630 1254 1686 deprecatum
1305 1643 1422 1679 esse,

137 1710 263 1751 quam
301 1698 499 1739 avaritiae
538 1697 716 1738 famam:
772 1697 913 1752 deque
953 1712 1003 1738 ea
1040 1712 1086 1738 se
1124 1697 1267 1737 multis
1297 1696 1422 1753 etiam

137 1763 342 1818 Epistulis
375 1764 639 1819 purgavisse.
689 1765 832 1808 Vestis
858 1765 987 1805 immo
1014 1765 1194 1806 uxoriae
1225 1771 1269 1804 et
1299 1777 1423 1803 orna-

138 1839 382 1870 mentorum
441 1831 725 1885 imperialium
781 1834 1021 1873 auctionem
1070 1831 1177 1873 fecit
1229 1831 1422 1880 Marcus,

137 1911 193 1937 ne
231 1898 474 1951 provincias
516 1898 866 1939 extraordinariis
907 1902 1109 1955 impensis
1160 1899 1423 1940 Marcoman-

136 1963 222 2004 nici
250 1964 354 2004 beni
380 1978 502 2005 causa
532 1974 745 2006 oneraret.
767 1967 822 2010 V.
842 1980 991 2009 rursus
1013 1966 1192 2020 Capitol.
1216 1981 1259 2019 p.
1276 1967 1344 2012 [03.
1369 1966 1422 2006 A.

196 2033 262 2084 (ι)
291 2033 456 2086 Nempe
486 2033 727 2087 exemplum
755 2033 916 2088 ipsum,
946 2043 993 2074 ut
1020 2035 1212 2083 videtur,
1252 2033 1423 2074 oratio.

134 2097 203 2138 nis
235 2101 290 2139 de
316 2101 580 2141 Her-editam
609 2102 855 2152 Matidiae,
899 2115 1009 2158 quae
1039 2114 1118 2142 cur
1149 2115 1173 2140 a
1202 2101 1422 2142 Frontone

137 2164 380 2219 appelletur
408 2164 588 2207 fortasse
619 2167 744 2208 etiam
765 2171 975 2224 Epistula
996 2182 1074 2208 seu
1093 2169 1309 2218 Litterae,
1336 2166 1422 2205 dixi

60 2272 63 2274 ,
136 2231 332 2286 superius
364 2232 408 2271 in
437 2235 612 2275 Monito.

194 2298 261 2352 (2)
290 2299 359 2340 De
397 2299 606 2341 Oratione
635 2301 868 2343 Frontonis
894 2305 1092 2360 Bithyna
1125 2302 1273 2343 recole
1315 2313 1424 2355 quae

139 2363 413 2406 disseruimus
461 2366 514 2406 ad
548 2367 781 2423 Epistulam
822 2385 892 2412 xu.
935 2371 1058 2411 Libri
1097 2372 1130 2412 Ι.
1171 2367 1223 2408 ad
1252 2367 1424 2408 Amico-⁰·

139 2444 182 2486 p.
221 2434 411 2486 149-151.

196 2497 262 2550 (3)
288 2499 356 2540 Ita
386 2499 489 2542 cod.
522 2518 606 2543 non
642 2513 692 2544 uc
721 2507 933 2545 inornate.
994 2505 1072 2543 Est
1103 2511 1241 2543 autem
1271 2512 1322 2543 uc
1350 2499 1422 2544 vel

87 2618 90 2619 γ
142 2562 409 2618 pleonasmus
438 2567 507 2609 vel
544 2570 752 2610 mendum.
809 2572 1013 2612 Fortasse
1054 2569 1328 2611 scribendum
1360 2563 1425 2610 est

146 2645 232 2672 non
260 2633 327 2672 ica
355 2634 573 2677 inornata.
