1748 3054
611 209 1032 252 HISTORIAE.
1387 210 1471 253 355

190 336 482 412 stipendiis
516 338 626 393 ocii
661 334 889 399 datum,
934 335 992 388 in
1019 331 1278 388 venando
1306 353 1473 395 occu-1

187 443 352 506 patus
373 442 432 489 (ι)
463 471 474 483 .
511 470 524 483 .
561 470 572 484 .
609 469 621 482 .
655 429 744 483 Ne
772 429 918 500 agrei
938 441 1002 484 (²),
1031 425 1258 498 quidem
1283 425 1469 485 forma

185 519 616 596 praetereunda.
643 520 804 577 Mare
825 519 1474 591 saevuminportuosum

191 657 203 670 .
228 655 242 668 .
266 655 280 668 .
305 626 451 670 artes
476 655 488 666 .
517 655 528 666 .
553 654 566 666 .
589 611 833 664 honores
857 652 869 664 .
894 652 907 663 .
933 652 944 663 .
970 610 1108 663 alter
1130 652 1142 664 .
1164 651 1177 665 .
1202 651 1214 663 .
1237 629 1468 683 quamo-

186 707 348 760 brem
367 748 379 759 .
403 747 415 760 .
440 747 453 759 .
477 705 587 760 tilis
613 703 797 762 bonos
815 704 1044 775 tem(et)
1062 745 1074 756 .
1091 744 1104 757 .
1120 705 1191 758 ,ri
1215 701 1469 758 infecun-

189 799 293 854 dus
327 780 509 856 caen)
523 810 789 869 terraque
823 797 1102 868 paenuria
1141 792 1474 868 (aquahum,

190 890 205 945 .’
229 932 240 944 .
263 933 275 944 .
301 932 314 944 .
343 890 493 946 salve
518 931 530 943 .
556 931 569 943 .
595 931 608 942 .
633 931 646 943 .
669 890 894 963 patiens
925 886 1149 943 laboris,
1202 888 1325 942 Nec
1354 889 1470 962 ple-

187 1002 393 1056 rosque
430 995 689 1037 senectus
725 1023 736 1035 .
772 1023 785 1036 .
822 1023 834 1035 .
863 1023 875 1035 .
901 1021 915 1034 .
943 981 1126 1035 solvit.
1166 980 1291 1035 Nisi
1317 979 1474 1054 quod

341 1117 353 1128 .
391 1087 491 1128 aut
523 1073 1172 1129 bestiiS....nam....
1201 1085 1350 1128 atem
1386 1094 1472 1128 su-

189 1169 367 1240 persit
397 1208 411 1220 .
446 1207 461 1222 .
493 1208 506 1220 .
547 1207 559 1219 .
600 1166 735 1220 Non
761 1167 961 1220 inscii.
987 1206 999 1217 .
1025 1206 1037 1219 .
1063 1206 1075 1218 .
1105 1205 1117 1220 .
1142 1167 1204 1218 in
1234 1185 1474 1238 regnum

290 1302 303 1312 .
339 1300 354 1313 .
389 1261 645 1313 animum
666 1258 928 1315 intendit.
971 1258 1100 1330 Ipse
1121 1277 1276 1322 acer,
1316 1258 1472 1312 belli-

193 1370 385 1415 mSUS,
427 1351 547 1404 aliis
574 1370 745 1423 quem
775 1391 786 1403 .
821 1391 833 1403 .
868 1391 882 1403 .
919 1392 931 1403 .
964 1349 1064 1404 bat
1096 1351 1322 1422 quietus
1347 1393 1359 1405 .
1381 1391 1396 1404 .
1419 1391 1432 1404 .
1458 1392 1472 1404 .

192 1464 342 1499 unus
375 1485 389 1499 .
424 1485 435 1497 .
474 1485 486 1497 .
523 1485 535 1497 .
571 1456 771 1497 nostro
799 1484 812 1495 .
840 1484 852 1495 .
882 1484 894 1496 .
921 1483 933 1495 .
957 1461 1193 1515 corpor.
1217 1483 1231 1497 .
1259 1483 1271 1496 .
1298 1483 1313 1497 .
1336 1463 1498 1517 quas.

196 1537 379 1592 omnis
412 1549 510 1591 aut
533 1577 545 1588 .
571 1577 583 1589 .
613 1577 624 1589 .
651 1577 664 1588 .
688 1533 1109 1608 praepediebat.
1160 1535 1383 1590 Patiens
1401 1535 1476 1595 la,-

196 1625 426 1691 borum,
496 1627 609 1682 acri
656 1629 915 1697 iugenio,
975 1630 1105 1682 satis
1145 1628 1476 1700 11›rovidens-‚⁴

255 1872 327 1925 (ι)
369 1870 466 1912 Hoc
505 1870 560 1912 de
590 1871 770 1911 Traiano
802 1872 957 1913 dictum
991 1872 1183 1916 videtur:
1211 1887 1307 1914 nam
1336 1875 1391 1916 de
1423 1889 1476 1915 eo

199 1951 293 1977 esse
333 1952 577 1979 sermonem
613 1947 774 1979 constat
812 1949 854 1980 et
881 1941 1074 1994 proxima
1106 1941 1248 1981 notula
1275 1943 1475 1996 marginis

197 2008 496 2060 Panegyricus
526 2009 708 2048 Traiani
730 2010 1020 2060 imperatoris.
1046 2007 1103 2047 Et
1130 2009 1356 2048 Traianum
1386 2011 1476 2064 qu}-

197 2070 296 2111 dem
335 2086 358 2112 a
399 2072 581 2115 venandi*
619 2073 758 2114 studio
798 2087 882 2114 non
921 2073 1189 2115 abhorruisse
1226 2076 1362 2115 innuit
1391 2077 1477 2116 Dio

197 2151 344 2180 vam.
374 2154 416 2192 7.
471 2138 519 2179 Id
563 2149 701 2181 autem
731 2140 902 2180 Traiani
930 2141 1169 2195 exemplum
1196 2155 1283 2182 non
1312 2152 1479 2183 temere

197 2205 358 2246 Fronto
387 2208 634 2260 proposuit,
674 2207 750 2248 sed
779 2207 832 2247 ad
861 2206 1167 2258 excusandum,
1197 2208 1231 2248 si
1262 2207 1359 2249 fieri
1386 2220 1479 2264 pot-

199 2281 289 2322 nit,
335 2274 384 2314 L.
426 2275 598 2325 Verum,
634 2275 707 2329 qui
741 2284 786 2315 ut
813 2282 960 2314 narrat
1001 2276 1266 2330 Capitolinus
1302 2276 1347 2315 in
1390 2277 1480 2317 eius

200 2338 286 2379 vita
315 2352 354 2392 p.
386 2340 452 2388 54.
479 2341 530 2379 D.
573 2359 591 2382 »
609 2355 736 2396 quum
765 2342 924 2383 Oriens
951 2351 1211 2392 vastaretur,
1255 2342 1300 2381 in
1332 2343 1484 2397 Apulia

203 2420 224 2445 ν
257 2405 484 2446 venabatur
517 2425 552 2452 ι»,

258 2471 326 2524 (α)
367 2473 413 2510 In
451 2480 569 2512 textu
594 2478 738 2527 agr-ei,
778 2483 867 2515 tum
897 2474 1038 2517 deleta
1067 2475 1270 2529 deinceps
1300 2492 1322 2518 e
1350 2463 1482 2533 scrip*-

203 2543 295 2577 tum
325 2541 424 2591 agri
452 2539 493 2579 in
522 2542 724 2597 margine.

960 2614 1065 2658 23*
