1708 3028
1147 207 1163 228 G

434 298 514 342 285
820 300 896 339 DE
925 301 1079 359 HERE
1088 303 1292 342 DITATE

433 422 693 475 invasisse
715 462 728 484 ,
786 433 842 474 et
875 424 1109 475 minimo
1143 442 1267 476 aere
1308 427 1570 497 eripuisse
1607 427 1679 480 di·

431 526 589 567 cetur
616 554 630 574 ,
697 530 872 583 eoque
914 515 1095 566 minus
1135 512 1203 566 ad
1243 533 1336 567 eos
1376 516 1574 587 quibus
1607 519 1680 570 le-

425 616 613 674 gatum
634 616 752 654 erat
772 605 1104 674 pervenisse.
1145 605 1235 656 An
1263 605 1552 661 non'emet
1577 609 1682 660 ista

426 705 755 746 ornamenta
796 694 1054 746 Faustina
1074 689 1106 746 ἶ)
1169 694 1306 767 Quis
1339 697 1507 764 igitur
1538 711 1682 750 emet

422 785 715 854 margarita
737 780 769 810 ᾗ·
790 825 803 843 ,
854 802 998 854 quae
1025 783 1266 836 Filiabus
1298 787 1408 838 tuis
1423 799 1477 842 (ι)
1507 787 1683 858 legata

523 875 544 882 ν
555 876 634 880 .-,.-

550 906 574 930 *
607 907 668 949 In
703 906 959 964 margine:
1013 907 1102 949 Hoc
1143 908 1408 962 margaritum
1457 920 1498 952 et

685 979 1203 1043 haec-margaritaigenere
1237 995 1411 1038 neutro,
1453 995 1494 1027 et

688 1074 835 1113 genere
895 1060 1093 1103 feminino
1149 1059 1238 1101 haec
1283 1061 1501 1114 matgarita

685 1146 728 1177 et
768 1135 832 1176 hae
872 1137 1098 1190 margaritae
1118 1170 1129 1191 ‚
1184 1147 1232 1178 ut
1267 1136 1410 1178 Cicero
1447 1136 1499 1179 de

684 1211 820 1266 Signis
855 1219 911 1264 (2)
956 1213 1193 1257 NULLAM
1243 1213 1500 1255 GEMMAM

682 1288 799 1331 AUT
834 1289 1236 1333 MARGARITAM.

349 1413 356 1419 ·
421 1419 442 1443 ν
472 1399 729 1441 Falcidiam?
782 1399 1018 1452 Respondit
1053 1400 1345 1453 (Scaevola),
1394 1414 1520 1454 posse
1556 1401 1678 1440 here-

419 1483 441 1506 »
471 1467 565 1506 dem
606 1466 823 1519 consequi,
872 1474 916 1504 ut
955 1466 995 1503 ei
1034 1466 1301 1515 restituatur3
1353 1479 1423 1515 ac,
1473 1467 1507 1505 si
1539 1468 1676 1515 malit,

421 1550 440 1574 »
470 1546 590 1586 posse
629 1530 843 1572 vindicare
881 1540 1042 1583 partem
1083 1531 1125 1570 in
1165 1545 1214 1570 ea
1251 1532 1384 1581 linea,
1434 1545 1539 1585 quae
1578 1539 1674 1586 pro·

419 1616 440 1637 ιο
470 1607 565 1651 pter
595 1597 699 1650 legis
731 1596 944 1636 Falcidiae
973 1596 1174 1635 rationem
1202 1596 1379 1636 deberet
1405 1609 1672 1638 remanere».

418 1665 484 1702 Ex
535 1676 616 1717 quo
667 1675 867 1715 responso
912 1661 994 1701 duo
1033 1661 1188 1700 ibidem
1225 1662 1266 1701 in
1304 1663 1415 1702 notis
1454 1672 1675 1711 eruuntur,

417 1742 569 1781 nempe
601 1737 643 1766 et
671 1727 900 1766 Falcidiam
926 1741 978 1767 ex
1007 1728 1331 1782 quibuscumque
1357 1728 1484 1767 rebus
1513 1727 1675 1768 detrahi

416 1808 562 1849 posse,
603 1801 647 1833 et
669 1793 855 1832 Falcidia
877 1793 971 1846 lege
994 1806 1077 1832 non
1099 1802 1253 1833 tantum
1277 1802 1450 1847 quartae
1473 1794 1675 1833 retentio·

415 1875 512 1902 nem
541 1859 652 1908 dari,
689 1859 767 1899 sed
795 1859 919 1898 etiam
949 1859 1279 1899 vindicationem.
1311 1859 1501 1898 Cuiacius
1529 1867 1668 1898 tamen

415 1927 596 1968 observ.
627 1925 719 1965 Lib.
752 1939 843 1967 ΠΗ.
875 1925 972 1977 Cap.
1008 1939 1043 1966 2.
1074 1934 1196 1978 negat
1227 1925 1316 1962 dari
1344 1924 1673 1965 vindicationem.

417 1998 431 2033 Ι
455 2006 557 2032 ocus
573 1991 802 2030 Frontonis
829 1991 997 2030 videtur
1026 1991 1066 2028 in
1098 1990 1177 2029 hac
1205 1990 1295 2043 ipsa
1322 1990 1563 2043 quaestione
1581 2003 1673 2029 ver-

415 2059 511 2098 sari.
545 2057 655 2114 Quin
680 2070 758 2110 ego
782 2057 983 2109 suspicor,
1006 2054 1187 2094 Marcum
1211 2056 1312 2108 Imp.
1337 2054 1390 2094 ob
1413 2053 1518 2093 hanc
1540 2055 1670 2108 ipsam

413 2123 609 2163 Matidiae
645 2123 795 2161 lincam
831 2120 992 2159 filiabus
1029 2121 1114 2159 suis
1153 2121 1326 2172 legatam
1358 2120 1617 2174 quaesivisse
1643 2135 1666 2159 a

415 2189 618 2230 Scaevola
654 2186 752 2242 quid
793 2186 846 2225 de
881 2200 929 2225 ea
957 2200 1005 2226 re
1031 2195 1140 2225 esset
1167 2186 1208 2224 in
1239 2186 1346 2225 Iure.
1398 2187 1452 2224 Et
1479 2187 1667 2225 Marcum

415 2256 584 2310 quidem
626 2246 864 2292 usum'esse
895 2252 1096 2292 Scaevola
1131 2251 1356 2303 praecipue
1392 2250 1494 2289 iuris
1531 2252 1670 2304 perito

414 2322 538 2361 testis
567 2328 628 2359 est
658 2318 918 2371 Capitolinus
948 2316 990 2355 in
1018 2317 1126 2355 illius
1159 2317 1238 2356 vita
1268 2330 1309 2369 p.
1342 2318 1403 2368 39.
1436 2317 1488 2356 D.

469 2389 540 2439 (ι)
571 2383 698 2424 Filias
735 2383 863 2423 Marci
902 2382 1083 2422 vidimus
1122 2382 1164 2420 in
1194 2381 1326 2434 Epist.
1363 2395 1398 2421 v.
1430 2381 1522 2421 Lib.
1555 2382 1584 2423 1.
1618 2380 1670 2421 ad

414 2455 598 2492 Marcum
638 2449 892 2504 hospitantes
933 2447 1040 2501 apud
1078 2446 1299 2486 Matidiam.
1367 2446 1547 2486 Easdem
1583 2459 1671 2485 mo-

414 2519 528 2558 riens
555 2514 723 2555 Matidia
749 2514 794 2554 in
824 2522 987 2567 partem
1015 2511 1261 2553 hereditatis
1288 2511 1464 2554 vocavit.

469 2584 538 2636 (α)
567 2583 728 2634 Nempe
757 2580 800 2620 in
827 2579 959 2620 Libro
985 2593 1040 2621 ιν.
1071 2579 1269 2621 adversus
1295 2578 1477 2623 Verrem
1503 2576 1601 2633 Cap.
1631 2579 1664 2619 1.
