1664 3074
330 280 413 330 468
712 282 789 320 DE
816 283 1227 323 DIFFERENTIIS·

339 382 512 443 caelum,
540 382 609 421 vel
636 395 764 424 mare.
795 385 1040 423 Portentum
1069 384 1181 438 quod
1207 397 1337 437 porro
1366 391 1409 424 et
1438 383 1589 433 diutius

381 437 498 501 anet,
549 450 813 507 futurumque
859 454 1126 506 postmodum
1169 453 1324 507 aliquid
1363 439 1582 508 significat.

314 467 569 563 {omn-um
611 533 675 562 est
711 533 854 563 contra
891 533 1103 574 naturam,
1147 534 1192 564 ut
1226 534 1287 564 est
1313 525 1586 566 Minotaurus.

337 593 596 646 Prodigium,
637 592 749 646 quod
787 607 926 632 mores
963 592 1148 642 faciunt,
1195 608 1273 646 per
1313 583 1425 657 quod
1462 594 1592 634 detri-

339 672 523 707 mentum
562 671 825 716 expectatur.
901 664 1045 717 Itaque
1086 664 1157 717 qui
1202 663 1399 716 Prodigia
1437 663 1595 714 faciunt

338 735 514 787 Prodigi
540 742 756 774 vocantur.
814 733 863 770 In
893 733 1071 773 ostento
1101 733 1250 773 raritas
1277 733 1596 776 admirationem

339 804 453 846 facit.
483 807 529 843 In
557 806 746 842 Monstro
779 810 921 842 rectus
955 803 1059 842 ordo
1095 811 1268 842 naturae
1295 803 1508 847 vincitur„
1542 801 1594 857 1¹!

336 878 545 916 Portento
569 873 770 913 differtur
789 882 975 915 eventus.
1005 875 1054 912 In
1075 875 1274 928 Prodigio
1296 864 1594 915 detrimentum

337 943 610 998 significatur.
1105 967 1134 1006 ε

392 1016 574 1055 Turbam
614 1023 656 1053 et
691 1015 1006 1069 Frequentiam.
1065 1016 1276 1068 Angustus
1324 1018 1442 1056 locus
1495 1015 1596 1056 facit

337 1087 516 1127 turbam.
575 1086 876 1138 Frequentiam
904 1086 1141 1126 multitudo.

393 1158 543 1196 Putant
571 1165 612 1196 et
638 1157 914 1209 suspicantur.
981 1156 1065 1212 Qui
1094 1159 1271 1204 Putant,
1299 1155 1410 1196 omni
1437 1168 1595 1210 genere

340 1236 495 1267 errant.
530 1226 614 1284 Qui
642 1225 922 1278 suspicantur,
952 1225 1109 1279 aliquid
1135 1226 1398 1279 praevident.

394 1299 547 1337 Frater
588 1304 630 1335 et
670 1302 902 1347 germanus.
947 1298 1098 1335 Frater
1135 1305 1202 1335 aut
1241 1309 1292 1336 ex
1329 1297 1410 1336 alia
1435 1306 1594 1347 matre,

342 1378 414 1409 aut
441 1382 493 1407 ex
526 1367 606 1405 alio
634 1376 752 1419 patre
782 1375 922 1419 potest
950 1381 1052 1407 esse.
1106 1369 1339 1407 Germanus
1369 1382 1419 1407 ex
1449 1368 1596 1408 iisdem

340 1438 582 1494 parentibus
612 1438 663 1476 sit
689 1450 861 1476 necesse
891 1446 967 1477 est.

396 1512 545 1551 Sermo
586 1517 627 1548 et
667 1508 856 1561 loquela:
894 1508 1043 1546 Sermo
1080 1508 1259 1546 omnium
1296 1508 1477 1560 gentium
1515 1517 1592 1548 est.

342 1582 529 1635 Loquela
557 1580 762 1633 cuiusque
791 1578 926 1630 gentis
954 1579 1130 1631 propria
1159 1577 1374 1620 dialectus.

387 1654 569 1701 Comes,
607 1660 648 1691 et
676 1649 855 1698 assecla,
898 1658 940 1688 et
966 1649 1139 1699 sodalis,
1178 1658 1218 1688 et
1246 1642 1413 1691 cliens?
1446 1651 1596 1690 Comes

341 1724 426 1764 iter
463 1723 573 1764 facit.
626 1722 799 1762 Assecla
838 1721 1025 1774 sequitur
1048 1706 1362 1774 'potentiorerrn
1434 1720 1596 1771 Sodalis

342 1791 645 1833 adolescentiae
674 1803 827 1830 nomen
867 1799 942 1831 est.
1008 1791 1147 1831 Cliens
1174 1791 1366 1844 implorat
1400 1803 1523 1844 opem
1552 1800 1597 1832 et

343 1864 485 1905 fidem.
544 1865 609 1902 Ita
638 1864 787 1903 Comes
815 1870 942 1912 tutus,
971 1862 1144 1902 Assecla
1174 1861 1403 1912 officiosus,
1433 1861 1597 1903 Sodali:

343 1937 513 1984 amicus,
543 1936 681 1975 Cliens
710 1934 960 1979 summissus.

401 2008 532 2047 Causa
573 2015 614 2045 et
650 2006 770 2046 ratio,
813 2006 941 2044 Causa
980 2005 1105 2045 docet
1132 2004 1294 2046 factum.
1323 2005 1446 2044 Ratio
1471 2003 1598 2045 ‚solvit

344 2077 537 2117 obscura.

399 2149 560 2187 Nomen
611 2155 653 2185 et
700 2143 956 2186 vocabulum.
1025 2145 1182 2184 Nomen
1233 2144 1451 2197 proprium
1491 2144 1595 2183 indi-

347 2228 425 2259 cat.
481 2215 741 2260 Vocabulum
771 2213 968 2254 diffundit
999 2212 1351 2266 significationem.

401 2290 563 2327 Horret
592 2296 634 2328 et
658 2286 851 2340 trepidat.
891 2287 1050 2325 Horret
1079 2298 1247 2338 corpus.
1279 2283 1483 2338 Trepidat
1508 2296 1596 2324 moa

345 2368 408 2399 tus
437 2357 574 2398 animi.
1280 2398 1286 2403 ,

402 2429 620 2487 Quaerere
650 2435 694 2468 et
721 2427 940 2481 inquirere
971 2434 1012 2466 et
1040 2424 1294 2467 desiderare.
1347 2423 1596 2484 Quaerimus

348 2499 622 2552 disciplinam.
674 2497 947 2552 Inquit-imm,
981 2496 1033 2535 de
1065 2510 1144 2550 quo
1174 2496 1419 2536 dubitamus.
1473 2495 1596 2534 Desi-

346 2571 567 2621 deramm,
616 2569 687 2610 vel
735 2567 846 2623 quod
897 2566 1103 2620 diligimus
1126 2596 1136 2615 ,
1189 2567 1257 2607 vel
1310 2565 1421 2621 quod
1462 2565 1597 2605 amisi-

344 2655 447 2683 mus.
