1708 3028
555 260 841 304 LIBER
894 260 956 300 11.
1313 251 1397 296 265

123 397 218 462 ’χῶς
237 393 469 455 λέγεσθαι
501 388 764 462 appellat.
805 385 954 439 Nam
979 385 1306 446 convenire,
1343 393 1402 436 et

124 483 408 546 decerem,
434 495 492 536 et
519 494 718 554 aptum
742 497 879 541 esse,
907 467 964 531 et
987 486 1320 547 congruere,
1346 486 1403 527 et

122 573 263 637 quod
296 573 469 622 Graeci
503 571 948 638 ἡρμοστηλε(ῖν)(α)
982 569 1250 632 appellant.
1285 570 1403 613 Non

125 658 328 713 dubito
346 659 453 712 alia
474 660 611 710 item
632 655 800 711 verba
820 657 1225 727 percensuisse.
1257 651 1409 706 Nam

125 751 383 805 straboni
407 751 555 804 oculi
579 748 938 803 DISPARES
961 760 1111 803 sunt.
1153 745 1410 799 Potuisse

126 841 420 896 tePARES
434 855 534 894 aut
550 840 877 895 IMPARES
894 837 1409 893 dicereDISCON-

126 929 411 988 CINNOS
432 931 554 998 hos,
577 932 698 986 illos
717 931 1158 987 CONCINNOS
1180 929 1294 985 dici
1312 949 1411 1004 po·-

127 1029 320 1092 tuisse,
335 1026 1182 1083 COMVENIENTES‹³)mult0
1192 1024 1411 1078 melius.

130 1117 306 1173 Dicas
332 1117 598 1173 fortasse:
637 1118 774 1191 quid
799 1120 860 1171 in
887 1117 1256 1172 Orationibus
1279 1117 1417 1173 meis

133 1213 444 1276 noviciumg
465 1210 600 1284 quid
621 1211 948 1284 crispulum,
965 1209 1101 1284 quid
1123 1207 1419 1296 (θυεςμῐη,

135 1303 273 1376 quid
312 1305 645 1377 purpurisso
674 1304 869 1367 litum,
934 1315 1035 1357 aut
1075 1300 1419 1374 (tumidum,

133 1394 260 1467 aut)
278 1391 607 1469 pollutum?
647 1395 923 1449 Nondum
943 1397 1281 1469 quicquam,
1322 1393 1423 1449 sed

135 1508 340 1543 vereor
363 1529 377 1542 .
402 1531 414 1543 .
443 1531 456 1543 .
482 1530 494 1542 .
523 1509 614 1543 eas
646 1507 812 1562 prom
836 1530 1012 1544 .....
1036 1501 1163 1542 unt.
1218 1485 1423 1541 Laudo

69 1600 72 1602 ·
139 1583 391 1638 censoris
415 1623 592 1636 .....
616 1581 778 1636 ludos
816 1582 1044 1636 talarios
1065 1623 1080 1635 .
1109 1623 1122 1635 .
1153 1623 1165 1635 .
1187 1621 1208 1637 .
1229 1623 1242 1634 .
1270 1578 1427 1654 quod

141 1686 321 1729 semet
339 1676 528 1748 ipsum
550 1673 785 1739 diceret,
835 1695 967 1729 cum
994 1695 1060 1728 ea
1086 1675 1423 1748 praeteristi.

139 1764 395 1822 Difficile
430 1766 693 1840 dignitati
729 1770 975 1833 servire,
1029 1769 1171 1842 quin
1208 1765 1279 1822 ad
1310 1784 1432 1819 nio-2

146 1859 286 1912 dum
321 1860 517 1914 crotali
548 1875 648 1914 aut
681 1859 925 1935 cymbali
947 1859 1156 1933 pedem
1173 1873 1426 1934 poneret.

147 1933 300 2005 Tuin
339 1966 563 2026 praeter
566 1973 631 2007 ea
682 1954 862 2008 multa
906 1966 1040 2007 sunt
1086 1955 1147 2006 in
1195 1956 1304 2006 isto
1347 1970 1434 2024 ge

146 2064 284 2099 nere
323 2044 552 2099 dicendi
586 2047 819 2100 sinceris
850 2044 1096 2110 similia,
1156 2046 1269 2099 nisi
1308 2046 1436 2116 quis

120 2327 142 2362 ¹?
206 2294 271 2347 (ι)
301 2293 404 2335 cod.
431 2224 688 2337 dicere..

203 2377 271 2432 (2)
300 2379 362 2419 Ita
391 2389 570 2432 prorsus
599 2376 752 2421 Codex
782 2376 1084 2437 ἧρμοστηλεσν)
1124 2376 1282 2417 litteris
1307 2375 1441 2415 omni-

149 2442 229 2484 hus
255 2453 431 2498 praeter
458 2444 627 2486 ultimas
657 2446 910 2500 conspicuis.
976 2447 1032 2486 Et
1059 2454 1161 2486 nota
1190 2443 1443 2486 vocabulum

151 2522 367 2565 graecum.

206 2594 276 2647 (3)
304 2595 368 2636 Ita
392 2596 499 2639 cod.
527 2597 979 2644 COMVENIENTES
1008 2596 1094 2637 hoc
1123 2596 1218 2636 loco
1248 2609 1344 2637 cum
1373 2596 1440 2638 M,
