1708 3028
602 175 650 221 ,ἦ

1283 289 1361 333 285

90 459 94 463 .
146 417 545 480 EXTREMA
595 414 800 478 PARS
851 368 1302 479 oaArlole

264 547 353 590 DE
381 544 808 610 *HEREDITATE
846 543 1184 587 MATIDIAE.

163 731 176 745 .
202 732 214 744 .
241 731 253 744 .
279 688 531 763 abripere
554 702 637 753 te,
676 707 815 762 prae
843 700 910 742 ut
930 688 1138 743 dicitur
1163 690 1364 753 imm0‚

86 783 258 843 cellae
279 779 439 853 filios,
483 783 730 836 Tantam
751 780 820 835 de
841 780 1160 837 thensauris
1174 798 1232 844 (ι)
1252 782 1377 843 Ans

84 877 273 929 tonini
291 875 594 947 pecuniam
614 873 972 946 p1·odigei(2)‚
996 893 1168 948 quam
1180 875 1365 928 nescio

85 986 229 1040 quae
247 968 355 1021 ista
374 966 538 1020 altilis
567 966 810 1019 Alumna
823 978 883 1024 (3)
908 968 1175 1039 accipiat,
1212 964 1368 1019 unde

83 1058 225 1125 nihil
261 1057 544 1130 Egatheus
585 1060 883 1131 acceperit.
972 1057 1190 1133 Quanti
1231 1077 1367 1112 vero

89 1148 342 1205 rumores
382 1149 629 1215 adversi,
690 1163 933 1223 quantae
979 1152 1371 1223 querimoniae

88 1244 435 1305 exorientur,
457 1242 621 1295 bonis
645 1242 766 1314 lege
779 1241 1023 1295 Fajcidia
1049 1238 1368 1296 distractis?

84 1335 325 1388 Lineam
347 1335 512 1387 istam
535 1332 806 1387 famosam
824 1347 995 1407 atque
1011 1333 1369 1399 celebratam,

86 1438 383 1498 ceteraque
398 1438 590 1479 tantae
602 1428 883 1499 pecuniae
895 1441 1226 1481 ornamenta
1243 1430 1370 1500 quis
1444 1432 1451 1439 ’

73 1531 235 1586 emet
255 1529 313 1576 (4)
333 1511 365 1573 ‘2
414 1519 542 1572 Tua
572 1536 722 1574 uxor
749 1521 795 1574 si
826 1522 1054 1584 emerit,
1104 1518 1371 1594 praedam

143 1682 214 1736 (ι)
246 1682 310 1726 ua
337 1681 444 1724 Cod.
475 1682 731 1732 thensauris,
760 1696 883 1739 quam
907 1683 1027 1722 huius
1049 1685 1169 1724 vocis
1190 1685 1374 1739 scriptu-

87 1762 178 1794 ram
235 1747 279 1787 in
341 1748 434 1788 aliis
491 1748 618 1789 etiam
678 1749 974 1790 Ambrosianis
1026 1751 1147 1792 codd.
1198 1752 1374 1791 memini

88 1829 158 1856 me
196 1824 358 1856 notare.
417 1815 500 1857 Vix
534 1825 674 1856 autem
713 1816 852 1870 probo
882 1817 1113 1857 Forcellini
1141 1818 1371 1869 iudicium,

90 1882 160 1937 qui
190 1891 307 1936 putat
335 1882 419 1922 hoc
451 1883 764 1936 imperitiorum
799 1885 1114 1936 amanuensium
1149 1886 1372 1935 mendum,

89 1949 188 1990 licet
215 1948 258 1995 in
289 1949 456 2004 optimis
487 1964 583 1992 mss.
614 1951 672 1990 ita
700 1950 786 2003 legi
813 1948 1005 1992 fateatur.

142 2015 214 2068 (a)
245 2017 307 2055 Ita
322 2015 426 2055 eod.
450 2017 586 2070 prima
608 2031 732 2056 manu
751 2018 958 2071 prodigei
979 2027 1131 2059 vetere
1152 2020 1373 2074 orthogra-

87 2083 201 2139 phia.
235 2081 325 2123 Sed
353 2085 570 2127 recentior
599 2098 743 2124 manus
774 2084 934 2125 delevit
962 2101 1010 2136 e,
1060 2086 1172 2127 male
1203 2087 1372 2128 sublato

88 2148 342 2206 antiquitatis
371 2151 563 2203 vestigio.

145 2218 214 2270 (3)
239 2218 294 2262 V.
329 2215 506 2265 inferius
547 2219 776 2259 subiectam
805 2219 1042 2274 Epistulam
1072 2219 1125 2261 ad
1153 2221 1376 2262 Aufidium

87 2283 358 2334 Victorinum

145 2351 214 2407 (4)
245 2351 454 2391 Convenit
487 2351 585 2392 huic
615 2352 711 2392 loco
739 2353 831 2393 Lex
861 2353 930 2395 26.
962 2354 1084 2394 Libri
1114 2355 1182 2398 35.
1238 2355 1371 2410 Dige-

88 2427 248 2459 storum
298 2418 384 2456 Tit.
431 2432 469 2458 2.
520 2421 582 2460 ad
630 2421 790 2473 Legem
838 2423 1094 2463 Falcidiam.
1150 2438 1171 2461 »
1194 2422 1371 2463 Lineam

91 2502 111 2526 ι»
141 2483 460 2539 margaritarum
497 2485 856 2541 trigintaquinque
883 2487 1065 2542 legavit,
1117 2502 1228 2544 quae
1256 2490 1371 2532 linea

90 2567 114 2593 ν
144 2549 254 2606 apud
288 2550 536 2604 legatarium
567 2551 708 2593 fuerat
742 2554 891 2595 mortis
927 2564 1138 2609 tempore.
1195 2555 1371 2613 Quaero

94 2633 114 2659 ν
143 2632 196 2660 an
223 2631 273 2660 ea
298 2615 411 2658 linea
437 2617 590 2660 heredi
620 2620 785 2662 restitui
810 2621 992 2663 deberet
1016 2629 1202 2681 propter
1230 2622 1370 2679 legem
