1708 3028
378 323 460 363 288
764 324 839 363 DE
865 324 1227 367 HEREDITATE

915 451 969 507 R
1015 473 1072 516 (ι)

703 584 1014 649 MAclsTRo
1063 611 1185 651 MEo
1233 616 1292 658 (α)

1024 704 1053 738 r

443 709 658 825 Essso
706 774 970 844 Magister
1015 794 1170 828 meus
1215 777 1325 828 iam
1363 777 1526 832 nobis
1566 791 1623 832 et

367 876 636 936 patronus
670 859 815 916 erit?
855 864 1129 935 Equidem
1148 885 1373 937 possum
1395 854 1624 921 securus'

370 973 520 1015 esse,
590 971 717 1003 cum
762 951 893 1004 [luas
930 972 1014 1006 res
1069 957 1256 1007 animo
1297 976 1424 1009 meo
1462 959 1619 1011 caris-

370 1061 550 1097 sumas
584 1053 802 1094 secutus
836 1043 966 1105 sim,
1024 1047 1298 1097 rationem
1335 1066 1524 1099 veram
1562 1038 1625 1101 et*

369 1133 700 1210 sententiam
729 1142 900 1182 tuam.
960 1132 1038 1182 Di
1072 1133 1268 1197 velint,
1308 1148 1373 1187 ut
1405 1154 1620 1210 semper

367 1223 519 1296 quod
568 1241 760 1292 agam,
829 1221 1068 1274 secundo
1108 1222 1316 1277 iudicio
1355 1239 1483 1290 tu0,
1539 1227 1618 1278 mi

365 1315 655 1384 Magister,
705 1308 887 1381 agam!
938 1312 1104 1364 Vides
1138 1313 1271 1385 quid
1311 1314 1480 1369 horae
1512 1302 1619 1369 tibi

363 1403 673 1460 rescribam.
699 1403 844 1455 Nam
864 1414 990 1474 post
1010 1406 1476 1459 consultationem
1488 1408 1619 1458 ami-

365 1515 558 1550 corum
596 1507 652 1553 (3)
711 1495 772 1545 in
837 1491 942 1543 hoc
1011 1506 1232 1566 tempus
1290 1498 1480 1568 collegi
1540 1516 1618 1550 se-

365 1587 498 1640 dulo
533 1604 596 1637 ea
627 1603 767 1656 quae
798 1601 900 1634 nos
921 1596 1239 1647 moverant,
1278 1598 1344 1638 ut
1365 1574 1615 1638 Domino

363 1695 488 1729 :meo
513 1691 567 1735 (Δ.)
616 1671 1034 1745 perscriberem,
1092 1672 1442 1746 faceremque
1485 1693 1615 1728 eum

364 1766 530 1836 nobisv
549 1766 610 1816 in
629 1765 735 1816 isto
757 1781 980 1833 quoque
1002 1765 1224 1833 negotio
1245 1778 1622 1838 praesentem.v

415 1949 481 2000 (ι)
519 1949 680 2000 Nempe
717 1945 1086 1987 RESCRIPTUM.
1155 1947 1351 1988 Ceterum
1393 1946 1614 2000 singularia

359 2015 501 2055 littera
531 2010 720 2052 R—nullis
753 2011 819 2050 hic
852 2011 1015 2063 punctis
1049 2011 1281 2060 clauditur,
1329 2012 1439 2065 quod
1479 2011 1611 2051 semel

360 2081 404 2120 in
439 2078 623 2122 Livianis
659 2075 824 2115 schedis
865 2076 1102 2116 Iuvenatius
1142 2076 1263 2115 etiam
1301 2075 1460 2117 notavit
1494 2075 1610 2119 Edit.-

306 2205 307 2209 ,
348 2148 489 2204 Neap.
518 2143 612 2183 anni
646 2145 760 2195 1773·
792 2155 832 2194 p.
863 2143 1022 2194 48-49.

409 2213 480 2264 (2)
507 2208 640 2249 Marci
668 2216 733 2247 est
760 2207 864 2245 haec
893 2206 1101 2259 Epistula,
1129 2215 1175 2246 ut
1196 2215 1314 2260 ‘patet
1339 2206 1528 2248 inferius.

416 2277 480 2330 (3)
510 2274 658 2315 Civilia
695 2271 862 2325 negotia
898 2285 1066 2326 semper
1103 2285 1197 2312 cum
1224 2272 1488 2326 optimatibus
1514 2273 1612 2312 ami-

361 2343 420 2382 cis
449 2339 672 2380 contulisse
706 2340 764 2377 M.
807 2337 1024 2376 Aurelium
1049 2337 1164 2377 testis
1195 2346 1256 2377 eat
1279 2326 1542 2391 Capitolinus
1567 2338 1612 2378 in

361 2408 450 2447 eius
478 2406 561 2447 vita
586 2418 630 2458 p.
659 2404 725 2451 46.
756 2405 804 2444 B.
1533 2407 1536 2409 ’

415 2474 481 2525 (4)
507 2472 668 2522 Nempe
707 2470 761 2509 L.
806 2470 921 2509 Vero
962 2481 1083 2522 quem
1130 2467 1177 2506 in
1221 2467 1399 2520 imperio
1450 2470 1610 2508 socium
1663 2483 1667 2486 ·

358 2539 523 2577 Marcus
562 2534 762 2582 habebat,
812 2532 1002 2590 adeoque
1036 2533 1087 2572 ab
1116 2541 1293 2587 utroque
1321 2533 1432 2574 Divo
1458 2535 1608 2576 Fratre

359 2601 536 2644 ferenda
562 2608 652 2640 erat
681 2599 885 2640 sententia
911 2598 965 2639 de
995 2598 1466 2640 Hereditate'Matidiae.
