1708 3028
212 252 230 271 ⁹
305 266 383 315 278
679 256 758 302 'ms
786 261 1172 303 ‘resumis-ms

310 396 558 446 nauseat,
589 396 687 438 aut
707 382 993 455 v-(ol)-nus
1015 385 1292 454 sequitur:
1319 396 1558 456 pomacz)

313 473 689 545 culpabuntur
711 516 724 537 ‚
784 488 839 528 et
895 476 1130 545 languor
1189 474 1560 527 excusabitur.

312 565 491 634 Fingo
513 562 651 617 haec
672 584 734 616 ac
770 567 1185 628 comminiscor,
1226 566 1355 636 quia
1380 565 1440 617 in
1461 562 1567 616 hac

314 654 558 708 CAUSA
591 673 783 709 nonne
812 655 919 708 hoc
947 658 1134 728 ipsum
1165 649 1391 708 evenit?
1451 651 1566 707 Ubi

317 758 400 798 est
429 744 768 798 adversarius
786 786 799 810 ,
841 748 936 817 qui
967 743 1294 819 iampridem
1316 744 1383 797 ad
1409 760 1568 815 agen·

317 834 442 888 dam
475 834 782 889 CAUSAM
816 835 1001 890 adesse
1034 831 1345 890 debuerat?
1394 835 1457 887 In
1484 834 1569 884 iti·

317 945 451 977 nere
483 939 579 978 est.
660 926 788 998 Quo
820 927 1046 980 tandem
1082 930 1142 981 in
1178 921 1419 981 itinere?
1481 924 1570 976 Ex

317 1015 446 1066 Asia
485 1030 540 1072 (ω)
589 1016 760 1067 venit.
847 1018 921 1069 Et
960 1029 1048 1070 est
1071 1016 1275 1071 ,adhuc
1323 1017 1385 1067 in
1422 1014 1570 1066 Asia.

372 1158 438 1211 (ι)
468 1159 607 1198 Locus
625 1160 692 1199 hic
711 1160 944 1200 illustratur
976 1174 1026 1200 ex
1037 1161 1198 1214 Digest.
1226 1159 1318 1200 Lib.
1341 1171 1379 1199 2.
1406 1158 1486 1198 Tit.
1507 1171 1571 1197 ια.

319 1225 425 1277 Leg.
462 1240 496 1267 ι.
537 1225 609 1265 ubi
647 1225 862 1265 scribitur:
912 1227 1098 1281 »Nequis
1124 1226 1322 1266 messium
1350 1222 1576 1266 vindemia-

327 1306 346 1331 »
374 1302 549 1344 rumque
589 1299 783 1344 tempore
816 1292 1096 1334 adversarium
1136 1300 1260 1345 cogat
1299 1291 1350 1331 ad
1378 1287 1576 1330 iudicium

327 1371 346 1396 v>
376 1356 547 1406 venire3
597 1358 801 1398 Oratione
850 1358 947 1397 Divi
986 1358 1118 1398 Marci
1161 1350 1431 1411 exprimitur:
1481 1354 1577 1409 quia

326 1435 347 1459 ›>
375 1422 567 1474 occupati
607 1423 718 1462 circa
754 1437 844 1462 rem
881 1424 1096 1472 rusticam,
1147 1423 1190 1462 in
1227 1421 1366 1462 forum
1396 1420 1578 1474 compel-

325 1501 344 1526 »
369 1486 483 1525 lendi
511 1491 591 1526 non
619 1497 710 1526 sunt
741 1505 773 1529 η.

373 1552 437 1603 (2)
467 1553 577 1591 Hinc
608 1554 921 1605 cognoscimus,
964 1555 1134 1594 Causam
1161 1555 1266 1593 hanc
1301 1553 1432 1592 fuisse
1465 1551 1577 1590 Asia-

322 1630 485 1663 norum,
543 1621 709 1659 Revera
750 1622 908 1660 Fronto
945 1634 1086 1659 causas
1125 1635 1203 1672 pro
1242 1619 1405 1658 Asianis
1435 1617 1580 1671 plures

324 1675 423 1735 egit.
472 1685 648 1738 Negotia
688 1686 863 1728 Cilicum
911 1684 1020 1738 apud
1057 1686 1307 1724 Antoninum
1348 1686 1468 1723 Pium
1506 1696 1580 1736 pu-

321 1747 436 1787 blice
466 1750 739 1805 privatimque
767 1765 811 1791 se
840 1751 1076 1791 defendisse
1108 1759 1282 1790 testatur
1313 1749 1400 1803 ipse
1421 1750 1581 1788 Fronto

323 1813 367 1871 in
382 1815 567 1868 Epistula
584 1831 670 1857 vm.
699 1818 817 1857 Libri
841 1819 891 1858 ad
906 1819 1023 1858 Pium
1047 1833 1087 1870 p.
1118 1832 1178 1866 ¹7-
1211 1815 1295 1855 Sed
1317 1823 1457 1855 nostra
1476 1813 1583 1853 haec

326 1879 461 1920 Causa
501 1891 590 1921 acta
627 1892 691 1922 est
729 1885 837 1940 apud
878 1888 934 1926 M.
982 1883 1197 1922 Aurelium
1237 1891 1279 1921 ut
1314 1881 1492 1920 diximus
1518 1893 1583 1918 su-

324 1945 472 2000 perius
512 1962 554 2001 p.
587 1950 679 1997 275.
720 1951 762 1989 in
802 1959 911 1990 nota.
943 1951 1187 1992 Orationem
1216 1961 1329 1987 suam
1361 1946 1583 1996 Bithy-nam

326 2022 402 2049 seu
438 2026 519 2065 pro
559 2014 749 2066 Bithynis
786 2024 1084 2056 commemorat
1124 2015 1282 2053 Fronto
1323 2013 1365 2050 in
1393 2009 1584 2064 Epistula

326 2074 379 2114 ad
407 2077 572 2119 Veliam
601 2079 755 2129 Rufum
782 2097 824 2135 p.
861 2088 945 2134 ιίμ).
976 2090 1017 2120 et
1048 2080 1098 2119 ad
1126 2078 1387 2121 Victorinum
1416 2090 1457 2129 p.
1486 2076 1581 2129 293.

326 2140 527 2185 Divinare
566 2152 703 2186 tamen
742 2161 824 2187 non
861 2161 1107 2200 possumus,
1163 2154 1298 2183 utrum
1344 2143 1424 2181 hoc
1474 2140 1583 2193 frag·
1639 2142 1642 2149 '

326 2216 515 2251 mentum
548 2225 599 2251 ex
627 2212 806 2264 Bithyna
832 2214 952 2253 nobis
982 2214 1036 2252 sit
1067 2212 1286 2264 reliquum.
1340 2209 1585 2249 Orationem

326 2272 509 2329 denique
539 2278 764 2318 Frontonis
794 2294 873 2333 pro
893 2277 1280 2319 Ptolomacensibus
1311 2275 1423 2326 (sive
1444 2273 1584 2312 Ptole-

326 2340 607 2391 maeensibus)
624 2343 983 2385 laudatCharisius
1000 2346 1040 2382 in
1053 2342 1252 2383 Putschio
1275 2355 1317 2395 p.
1338 2357 1352 2380 1
1369 2357 1379 2379 ι
1397 2356 1427 2381 ι.
1451 2353 1491 2378 v.
1516 2340 1585 2386 43.

327 2405 411 2444 Sed
442 2408 552 2448 enim
580 2409 827 2462 ignoramus,
858 2419 993 2450 utrum
1023 2422 1101 2463 pro
1124 2407 1285 2447 Asianis
1297 2406 1586 2446 Ptolemaeen-

327 2471 465 2521 numo,
511 2475 776 2527 Pamphyliae
815 2476 975 2516 scilicet
1004 2484 1072 2514 aut
1099 2472 1383 2520 Palaestinae,
1429 2485 1478 2510 an
1504 2482 1585 2523 pro
1654 2523 1657 2531 Ι

326 2535 713 2581 Ptolemaeensihus
741 2541 858 2582 Afris
884 2541 1134 2594 Cyrenaicae
1160 2541 1322 2583 Fronto
1351 2535 1547 2579 oraverit.

1694 8 1695 12 ¹
1700 0 1708 29 l

1696 122 1708 256 ἰ

1688 379 1708 461 ij
