1664 3074
278 261 300 303 4
309 256 361 297 58
677 258 965 321 DISPUTATI
971 260 1118 301 ONES

278 377 324 416 C.
355 376 504 416 Caesar
532 377 602 423 vel
629 377 781 418 dictam
802 392 892 418 esse
908 391 934 418 >a
949 380 1191 430 Veteribus,
1222 381 1291 421 vel
1307 382 1522 424 dicendam

277 456 301 481 a
331 442 450 482 nobis
477 456 558 482 non
588 453 703 497 putat
714 444 734 484 ‘2
775 445 940 499 quando
967 446 1154 492 Plautus,
1181 446 1346 500 linguae
1373 449 1523 489 latinae

276 507 419 558 decue),
447 512 640 552 delictam
667 524 832 566 quoque
861 511 986 554 ἑνικῶς
1029 511 1198 561 dixerit;
1228 519 1305 567 pro
1332 517 1525 556 deliciis?

381 579 512 625 Mea,
553 577 710 632 inquit,
748 579 964 630 voluptas,
1008 593 1098 619 mea
1125 580 1292 620 delicia.

273 643 548 682 Inimiciciam
596 652 732 684 autem
772 644 825 701 Q.
873 644 1032 684 Ennius
1072 644 1148 684 illo
1185 646 1526 686 memoratissimo

271 705 382 746 libro
419 707 546 748 dixit:

379 775 473 825 Eo,
500 773 634 827 inquit
653 801 665 823 ‚
699 777 866 826 ingenio
896 785 1021 816 natur
1049 791 1166 816 sum:
1205 779 1439 819 amiciciam

379 844 520 893 Atque
549 843 814 881 inimiciciam
843 845 887 882 in
901 840 1060 898 fronte
1086 853 1329 896 promptam
1358 858 1477 897 gero.

272 903 356 945 Sed
391 905 499 944 enim
528 907 707 946 harenas
733 921 878 959 parum
907 907 1034 946 latine
1064 908 1172 956 dici,
1202 909 1316 963 quis,
1349 921 1426 949 oro
1455 917 1526 949 tea

273 969 377 1009 alius
416 980 485 1010 aut
526 971 715 1024 scripsit,
757 981 828 1012 aut
866 972 994 1013 dixit?
1044 986 1092 1013 ac
1137 983 1367 1028 propterea
1404 982 1527 1028 pete,

273 1044 320 1074 ut
359 1037 395 1074 si
432 1038 480 1078 C.
525 1038 713 1076 Caesaris
746 1038 856 1078 liber
890 1052 993 1092 prae
1031 1040 1220 1079 manibus
1258 1041 1341 1089 est,
1390 1045 1529 1094 promi

273 1101 442 1141 iubeas:
491 1111 537 1141 ut
576 1117 694 1157 quam
735 1104 994 1146 confidenter
1031 1105 1112 1145 hoc
1139 1105 1270 1155 dicat,
1320 1107 1529 1145 aestimari

271 1181 296 1210 ,ἃ
336 1176 379 1207 te
419 1169 563 1222 possit.
619 1172 735 1209 Tunc
769 1170 931 1223 prolato
971 1170 1079 1210 libro
1115 1170 1167 1210 de
1206 1172 1409 1227 Analogia
1443 1172 1530 1226 pri-

271 1245 366 1280 mo,
419 1235 551 1274 verba
591 1234 695 1274 haec
735 1249 786 1274 ex
826 1249 878 1276 eo
907 1249 1040 1290 pauca
1070 1237 1301 1277 memori-ae·-
1324 1237 1526 1277 mandavi.

273 1300 377 1338 Nam
418 1313 543 1354 quum
572 1301 871 1354 praedixisset,
906 1316 1044 1356 neque
1076 1306 1235 1344 eaelum
1264 1307 1526 1351 ericio-amoc,

270 1377 410 1419 neque
456 1367 654 1407 harenam
704 1367 978 1407 multitudinis
1029 1369 1374 1422 significationem·
1419 1370 1526 1422 pati:

272 1433 391 1472 Num
421 1441 494 1482 tu,
535 1431 684 1486 inquit,
702 1434 859 1489 Jzarum
886 1450 1023 1476 rerum
1051 1446 1209 1476 natura
1237 1438 1430 1477 accidere
1456 1451 1527 1474 ar-

274 1499 463 1551 bitreris,
487 1501 602 1552 quod
615 1513 739 1539 unam
752 1509 926 1550 terram,
944 1511 987 1541 et·
996 1503 1140 1554 plures
1158 1512 1310 1550 cerras,
1334 1502 1528 1542 ‹ec-arbem

276 1573 318 1604 eb
353 1565 499 1616 urbes,
546 1573 588 1604 ec
616 1567 837 1617 imperium
869 1575 911 1606 et
939 1570 1119 1619 imperia
1146 1569 1355 1616 dicamus,
1398 1581 1531 1621 mque

275 1631 514 1684 quadrigas
537 1633 582 1671 in
605 1646 728 1670 unam
754 1635 932 1673 nomi-nis
944 1633 1139 1689 figuram
1166 1635 1372 1687 redigere,
1399 1647 1531 1687 neque

277 1697 477 1736 harenam
516 1700 560 1737 in
600 1697 885 1739 multitudinis
921 1700 1249 1751 appellationem
1288 1708 1532 1741 convertere

234 1805 237 1807 ,
275 1760 510 1814 possimus?
538 1761 618 1800 His
647 1759 799 1802 deinde
826 1763 967 1805 verbis
996 1765 1113 1804 lectis
1141 1765 1244 1813 sibi,
1293 1765 1452 1804 Fronto
1480 1763 1533 1803 ad

275 1827 393 1866 illum
431 1837 625 1880 poetam,
670 1827 853 1872 Videtur
880 1842 934 1868 ne
965 1829 1061 1882 tibi,
1103 1830 1261 1884 inq-uit,
1303 1830 1348 1870 C.
1378 1830 1532 1870 Caesar

277 1891 331 1931 de
369 1900 474 1932 statu
507 1893 629 1932 verbi
668 1902 810 1933 contra
849 1902 893 1935 te
933 1894 1115 1951 satisque
1144 1905 1312 1950 aperte,
1352 1895 1531 1950 satisque

277 1966 515 1997 constanter
543 1959 874 2011 pronunciasse?
912 1962 1016 2000 Tum
1045 1971 1261 2014 permotus
1289 1961 1530 2004 auctoritate

275 2023 374 2062 libri
402 2031 553 2076 poeta,
603 2023 647 2062 Si
676 2038 698 2062 a
729 2025 934 2073 Caesare,
986 2026 1143 2080 inquit,
1184 2027 1249 2067 ius
1274 2025 1530 2081 provocandi

275 2088 408 2137 foret,
439 2100 516 2140 ego
544 2101 652 2128 nunc
680 2089 729 2128 ab
758 2090 837 2130 hoc
868 2091 1055 2130 Caesaris
1081 2092 1189 2130 libro
1218 2104 1526 2145 provocassem.

276 2153 362 2194 Sed
390 2154 584 2207 quoniam
614 2155 704 2207 ipse
733 2155 937 2194 rationem
965 2156 1196 2196 sententiae
1224 2170 1321 2196 suae
1341 2156 1528 2197 reddere

276 2219 536 2273 supersedit,
586 2232 659 2258 nos
686 2229 730 2258 te
757 2233 865 2260 nunc
892 2233 1108 2273 rogamus,
1154 2230 1200 2260 ut
1228 2221 1372 2274 dicas,
1407 2235 1529 2276 quam

276 2299 369 2324 esse
400 2299 563 2326 causam
593 2284 682 2325 vitii
709 2295 841 2338 putes„
874 2294 914 2325 et
942 2286 983 2324 in
1011 2289 1226 2341 quadriga
1253 2285 1453 2339 dicenda,
1486 2295 1530 2326 et

276 2352 319 2390 in
336 2354 515 2393 harenis.
546 2353 652 2390 Tum
667 2351 826 2390 Fronto
842 2350 898 2390 ita
915 2350 1143 2403 respondit,
1167 2351 1405 2409 Quadrigee
1423 2366 1528 2392 scm-

278 2430 372 2470 pcr,
397 2417 473 2456 etsi
496 2416 733 2470 multiiugae
755 2429 839 2455 non
862 2425 968 2465 sunt,
1001 2417 1270 2457 multitudinis
1291 2427 1430 2458 tamen
1451 2432 1527 2457 nu-

277 2495 407 2522 mero«
435 2491 650 2522 tenentur:
699 2482 890 2536 quoniam
933 2491 1104 2537 quatuor
1131 2483 1250 2523 simul
1279 2484 1375 2538 equi
1401 2483 1528 2524 iuncti
