1664 3074
269 223 349 277 472
649 225 736 265 DE
761 226 1047 288 DlFFERgN
1055 227 1160 267 Tus
1350 240 1379 274 ᾑ-

280 325 471 381 pericula
528 338 599 365 sua
639 326 847 378 deluunt3
900 337 1058 381 ponunt
1102 329 1211 367 enim
1257 329 1323 369 vel
1368 331 1497 383 pilum
1518 358 1530 380 ,

278 398 348 438 vel
390 406 572 445 scutum,
608 399 675 438 vel
716 399 793 437 alia
829 400 950 452 plura
992 408 1185 452 suscepta
1224 401 1341 440 votis.
1394 401 1532 440 Sacel-

279 468 387 517 lum,
426 470 643 521 parvulum
673 469 910 509 aedificium
939 471 1034 510 Diis
1065 480 1362 510 consecratum.
1407 473 1532 512 Tem-

278 541 419 594 plum,
466 542 509 579 in
550 541 645 580 loco
695 550 906 594 augurato.
989 544 1149 591 Lucus,
1196 542 1312 581 locus
1357 541 1532 582 fulmine

278 610 411 660 ictus,
457 621 501 652 et
539 613 737 652 arborum
766 614 966 666 spissitate
994 622 1143 653 tectus.
1197 599 1357 652 Fanum
1385 613 1532 652 Fauno

281 691 591 733 consecratum3
635 685 746 723 unde
790 685 923 724 Fauni
967 684 1282 740 appellabantur
1323 683 1441 737 prius
1488 690 1533 722 et

277 751 340 790 illi
384 753 459 807 qui
498 754 752 806 vagabantur
788 756 988 795 Fanatici.
1033 755 1253 803 Bidental,
1295 754 1415 794 locus
1450 753 1534 793 ful-

278 823 390 863 mine
427 832 564 864 tactus
611 834 654 864 et
694 827 882 879 expiatus
922 841 1025 876 ove,
1062 827 1257 867 Bidentes
1295 826 1403 869 enim
1430 837 1532 866 oves

279 895 555 947 appellantur.

332 965 571 1015 Occidere,
613 975 654 1005 et
682 965 943 1016 interficere,
988 976 1032 1006 et
1071 967 1306 1020 perimere,
1351 974 1394 1006 et
1421 965 1537 1018 iugu-'

275 1035 387 1084 lat-e,
418 1045 458 1076 et
486 1051 650 1076 necare.
683 1037 929 1077 Inter-licere
958 1047 1000 1077 et
1020 1039 1239 1077 Perimere
1265 1039 1405 1091 prisca
1424 1045 1531 1080 sunt.

274 1105 488 1146 Occidere
517 1109 570 1146 ob
599 1108 771 1146 caedem
799 1107 956 1146 dictum
975 1117 1053 1148 est.
1110 1108 1314 1160 Iugulare,
1342 1106 1395 1147 ob
1412 1107 1532 1161 iugu-

274 1176 373 1215 lum.
405 1178 598 1225 Necare,
620 1191 643 1215 a
671 1190 788 1217 nece.
820 1175 1091 1226 Interiicere,
1126 1192 1148 1216 a
1176 1176 1298 1216 facto.

323 1247 535 1300 Virtutem
574 1256 615 1286 et
655 1245 969 1297 fortitudinem,
1012 1257 1053 1287 et
1093 1249 1303 1300 vigm'em,
1345 1255 1389 1287 et
1418 1246 1533 1289 velo-

275 1316 463 1366 citatem,
504 1327 546 1358 et
580 1319 900 1358 vehementiam.
942 1320 1087 1359 Virtus
1121 1319 1299 1358 hominis
1329 1332 1533 1358 summum

274 1386 429 1426 honum
471 1397 559 1438 est,
602 1403 706 1442 quae
747 1390 790 1428 in
834 1389 1022 1428 oratione
1067 1398 1107 1428 et
1148 1390 1190 1427 in
1234 1401 1358 1428 cursu
1394 1397 1533 1442 potest

274 1457 423 1498 videri.
467 1460 712 1508 Fortitudo,
751 1459 814 1499 vis
854 1460 1042 1512 corporis
1081 1458 1132 1497 ad
1172 1458 1434 1499 sustinendos
1474 1458 1531 1498 la-

273 1528 413 1570 bores.
488 1531 619 1581 Vigor
659 1531 785 1569 animi
817 1530 942 1569 habet
985 1529 1222 1569 elationem.
1295 1530 1531 1579 Velocitas,

275 1601 506 1653 corporalis
546 1602 768 1650 celeritas,
811 1601 927 1656 quasi
953 1600 1175 1642 veloxcita.
1234 1599 1531 1651 Vehementia‚

272 1685 295 1710 a
324 1672 366 1711 vi
398 1680 441 1711 et
470 1673 627 1726 impetu
657 1673 819 1712 mentis.

328 1743 588 1782 Facultatem
637 1753 679 1783 et
724 1743 979 1783 facilitatem.
1068 1742 1260 1781 Facultas
1296 1741 1528 1795 locupletis.

275 1811 471 1854 Facilitas
502 1815 674 1853 artificis
704 1824 781 1854 est.
814 1816 959 1869 Itaque
989 1813 1105 1854 dives
1133 1814 1387 1853 Facultatem
1406 1812 1532 1852 habet

270 1885 395 1922 multa
434 1884 502 1924 vel
527 1884 733 1933 emendi,
771 1884 838 1926 vcl
876 1883 1125 1924 redimendi.
1198 1881 1361 1922 Artifex
1397 1894 1530 1936 opera

269 1953 521 2006 perficiendi
548 1953 797 1995 facilitatem.

324 2023 462 2063 Silere
510 2035 552 2065 et
600 2035 755 2064 tacere.
814 2025 940 2072 Silet,
980 2025 1098 2064 cuius
1137 2023 1345 2076 loquentis
1387 2035 1527 2062 nermo

269 2095 559 2148 comprimitur
587 2096 638 2135 ab
667 2096 756 2148 ipsa
783 2096 1080 2148 significatione
1110 2095 1282 2143 literae,
1312 2095 1353 2133 S.
1382 2095 1526 2143 'l'acet‚

270 2165 341 2219 qui
370 2179 449 2205 nec
477 2165 590 2220 loqui
618 2165 785 2219 quidem
815 2165 967 2218 coepit.

324 2235 547 2288 Ignoscere
585 2243 628 2274 et
663 2233 912 2274 concedere.
968 2233 1169 2286 Ignoscit,
1199 2234 1269 2286 qui
1297 2231 1527 2272 dissimulat
1561 2275 1563 2278 ,

269 2319 315 2345 se
360 2320 484 2347 nosse
532 2305 643 2360 quod
693 2305 925 2359 comperit,
977 2314 1020 2343 et
1059 2306 1115 2343 ita
1157 2304 1319 2343 silentio
1356 2313 1527 2358 peccata

268 2379 472 2430 impunita
522 2377 688 2417 fecerit.
777 2376 1004 2426 Concedit,
1054 2376 1125 2430 qui
1175 2375 1310 2416 omnia
1350 2383 1525 2428 peccata

270 2448 489 2491 condonat.

323 2521 495 2561 Habere
534 2528 579 2560 et
617 2519 851 2573 possidere.
908 2518 1080 2558 Habere
1118 2526 1263 2571 potest
1303 2516 1427 2557 etiam
1455 2514 1522 2555 fur

266 2604 458 2647 nequam.
534 2592 724 2634 Possidet
760 2605 905 2642 nemo,
943 2591 1022 2630 nisi
1061 2591 1133 2644 qui
1170 2598 1240 2630 aut
1278 2586 1523 2631 testamento
