1664 3074
378 305 458 353 456

471 469 898 525 CORNELII
955 474 1560 550 FRoNTONIS(¹)

716 591 923 632 opos
980 595 1298 634 EDITUM
1393 576 1431 617 ’θ’

546 795 615 829 DE
651 794 1021 830 DIFFERENTIIS
1057 795 1479 834 VOCARULORUM

457 884 630 966 INTER
667 926 864 966 ultionem
906 936 950 967 et
989 927 1227 969 vindictam.
1307 930 1419 971 Ultio
1456 930 1637 974 vindicat

377 980 549 1036 factum.
605 996 839 1038 vindicatio
874 996 1013 1036 futura
1052 999 1262 1052 prohibet.
1293 1000 1536 1042 ldedxmars
1565 1005 1635 1044 Ul-

376 1066 465 1116 tor,
484 1080 563 1106 non
579 1064 747 1108 Vindex
770 1066 933 1106 dicitur.
966 1068 1168 1107 Praedam
1189 1078 1231 1108 et
1247 1071 1449 1123 rapinam.
1469 1073 1633 1112 Praeda

377 1140 509 1180 victos
555 1137 715 1190 spoliat.
769 1138 927 1190 Rapina
978 1137 1116 1177 subito
1174 1140 1326 1182 venit.³
1377 1141 1521 1196 Itaque
1564 1143 1634 1182 illa

375 1210 550 1250 victoria
577 1207 750 1260 gaudet,
779 1209 882 1249 haec
910 1208 1152 1262 petulantia,

429 1280 512 1321 Cur
543 1288 585 1318 et
616 1293 759 1332 quare.
789 1281 876 1319 Cur
898 1280 1144 1333 simpliciter
1173 1291 1454 1335 percontatur.
1491 1284 1634 1344 Quare

377 1364 537 1391 causam
566 1349 858 1404 rationemque
889 1350 1112 1391 desiderat.

392 1420 640 1461 Delictum
682 1430 724 1460 et
761 1430 996 1474 peccatum.
1083 1421 1167 1482 Qui
1198 1421 1393 1477 deliquit,
1419 1437 1505 1464 non
1531 1424 1636 1466 fecit

376 1493 489 1547 quod
532 1489 675 1530 facere
718 1491 875 1532 debuit.
932 1492 1015 1549 Qui
1049 1494 1264 1546 peccavit,
1303 1493 1383 1534 hoe
1410 1493 1529 1546 feeit,
1557 1496 1633 1537 sed

372 1577 520 1618 parum
551 1571 684 1604 recte.

426 1633 676 1675 Remedium
716 1641 760 1672 et
796 1633 1156 1675 medicamentum.
1201 1635 1447 1675 Remedium
1477 1649 1531 1676 ne
1559 1650 1633 1691 pe-

371 1705 605 1745 riclitemur
634 1705 768 1745 (latur.
817 1703 1167 1744 Medicamentum
1199 1705 1251 1744 ad
1282 1707 1425 1747 subitas
1443 1707 1633 1760 pericula

373 1785 548 1830 aptatur.
602 1776 738 1829 Atque
776 1775 832 1813 ita
865 1774 1115 1814 Remedium
1154 1777 1376 1820 submovet
1406 1763 1631 1817 ⁴imminen-

374 1849 456 1891 tin:
490 1846 841 1895 Medicamentum
870 1855 983 1885 sanat
1009 1845 1164 1887 insana.

426 1918 604 1957 Flumen
636 1910 678 1958 et
707 1916 889 1958 fluvium.
929 1919 1107 1958 Flumen
1143 1918 1255 1958 idem
1283 1917 1377 1959 fluit
1405 1927 1448 1959 et
1475 1928 1627 1960 manet.

373 1981 545 2029 Flavius
575 1989 834 2042 temporibus
863 1989 1052 2029 siccatur.

393 2059 684 2100 ‘Corinthium
733 2068 774 2098 et
814 2058 1138 2098 Corinthiacum.
1197 2058 1458 2116 Corinthium
1495 2060 1630 2101 civem

373 2130 581 2171 dicemus:
614 2129 922 2171 Corinthiacum
949 2143 1031 2170 vas.

423 2204 604 2242 Roseum
644 2210 686 2241 et
719 2213 952 2242 rosaceum.
993 2201 1174 2239 Roseum
1201 2213 1281 2253 per
1308 2212 1373 2240 se:
1399 2203 1629 2243 Rosaceum

371 2282 552 2314 mixtum.
620 2293 637 2299 ”

420 2377 473 2420 (Ἴ
497 2378 602 2409 Marci
626 2379 801 2409 Frontonis
842 2388 961 2409 nomen
987 2379 1090 2412 fuisse,
1124 2377 1326 2411 Cornelium
1357 2379 1433 2410 satis
1463 2379 1629 2409 evidenter

371 2441 544 2475 statu-imus
567 2441 601 2470 in
627 2440 871 2470 Commentario
890 2439 1018 2480 praevio
1042 2441 1123 2470 Part.
1143 2441 1165 2469 I.
1192 2440 1267 2479 Cap.
1292 2437 1320 2470 5.
1344 2440 1435 2481 Opus
1455 2445 1564 2470 autem
1589 2442 1627 2470 de

370 2503 568 2539 Differentiis
584 2503 799 2530 vocabulorum
813 2500 1017 2540 Praeceptori
1035 2500 1182 2530 divorum
1197 2502 1348 2530 Fratrum
1361 2501 1517 2531 Frontoni
1536 2499 1626 2530 docti

369 2560 518 2592 homines
534 2561 683 2602 plerique
708 2572 819 2591 omues
847 2547 1032 2593 sine⁸dubio
1051 2562 1208 2592 tribuunt.
1236 2562 1347 2602 Quare
1372 2561 1458 2591 haud
1475 2562 1542 2591 scio
1567 2570 1625 2591 cur

368 2623 404 2654 in
424 2623 542 2654 Lexieo
567 2622 614 2652 Cl.
643 2622 847 2652 For-:elfinus
870 2622 962 2652 nullo
995 2622 1122 2663 prolato
1156 2629 1347 2664 argumento
1373 2623 1536 2663 Scriptum
1563 2622 1628 2653 hoe

368 2685 424 2716 alii
448 2684 604 2716 Frontoni
630 2684 881 2715 adscribendum
906 2691 1043 2715 censeat.
