1702 3060
469 243 473 251 .
511 213 588 254 ET
614 211 893 256 PULVERIS
1263 214 1347 261 365

69 344 297 399 ut-‘sinev
323 340 442 395 ullo
475 338 821 398 detrimento
854 337 1034 410 prima
1067 340 1127 392 in
1163 343 1348 396 novis-

51 436 286 492 simum*
306 434 496 487 locum
526 429 946 486 transferantur
969 441 1026 484 et
1046 435 1349 488 novissima

69 529 132 582 in
148 528 414 600 primum.
437 526 580 579 Eam
601 524 826 597 culpam
849 524 929 575 ita
954 521 1347 591 devitabimUS‚

72 621 121 674 si
135 618 318 673 'divisa
341 618 654 692 generatim
677 629 1007 687 argumenta
1030 629 1322 671 nectemus
1335 661 1350 683 ,

71 731 193 766 non
253 729 442 784 sparsa
488 727 595 763 nec
654 709 776 762 sine
825 707 1149 764 discrimine
1196 730 1352 784 agge-

36 817 55 837 ·
71 808 210 868 rata‚'
230 815 299 857 ut
321 801 432 875 (ea)
457 821 602 874 quae
619 820 723 874 per
736 813 986 855 saturam
1001 801 1353 870 ferunturo),

14 948 17 949 γ
73 894 173 955 sed
205 909 272 950 ut
311 893 656 968 praecedens
701 895 986 948 sententia
1015 896 1078 948 in
1117 916 1355 970 sequen-

71 1002 192 1043 tem
227 987 512 1066 laciniam(
529 987 772 1059 aliquam
808 988 1060 1060 porrigat
1100 1001 1158 1042 et
1196 1008 1355 1044 oram

72 1079 412 1154 praetendat
441 1076 490 1133 ᾗ.
567 1076 691 1132 Ubi
729 1080 884 1152 prior
922 1080 995 1133 sit
1032 1076 1193 1135 finita
1233 1102 1355 1136 sen-

74 1174 274 1236 tentia,
300 1171 434 1225 inde
453 1183 521 1225 ut
538 1189 773 1244 sequens
797 1170 1078 1226 ordiatur:
1101 1174 1179 1227 ita
1202 1177 1357 1228 enim

75 1262 392 1334 transgredi
425 1265 614 1338 potius
642 1261 976 1326 videbimur,
1013 1283 1180 1336 quam
1206 1279 1359 1320 tran-

69 1356 246 1410 silire.
288 1356 500 1409 Verum
530 1353 592 1407 hi
624 1373 744 1408 non
762 1397 773 1407 .
790 1396 802 1407 .
819 1355 1098 1410 .Variatio
1120 1358 1208 1411 vel
1230 1377 1359 1412 cum

80 1447 424 1502 detrimento
465 1435 653 1520 aliquo
697 1448 908 1519 gratior
941 1460 1026 1502 est
1057 1451 1117 1502 in
1155 1453 1362 1504 oratio-

82 1559 174 1603 ne,
214 1556 385 1612 quam
406 1550 557 1591 recta
576 1540 935 1593 continuatio
977 1581 990 1592 .
1035 1582 1047 1594 .
1094 1583 1105 1595 .
1149 1584 1161 1595 .
1278 1546 1362 1596 ria

85 1643 301 1685 austere
330 1627 624 1684 formanda
647 1671 659 1684 .
682 1671 695 1684 .
724 1672 734 1683 .
762 1672 774 1684 .
800 1629 1039 1685 dicenda
1069 1675 1082 1687 .
1107 1676 1119 1687 .
1143 1675 1157 1688 .
1183 1635 1360 1689 Modo

207 1863 232 1888 ³*
265 1865 329 1911 In
358 1866 617 1926 margine:
670 1869 912 1915 Praecedens
938 1874 1150 1917 sententia

357 1951 404 1995 in
439 1961 688 2012 sequentem
734 1953 860 1998 dehet
893 1955 1147 2015 particulam

357 2064 370 2076 .
407 2065 418 2076 .
453 2065 466 2076 .
503 2065 514 2076 .
547 2037 663 2096 quod
698 2037 920 2097 amabitur,
955 2040 990 2083 si
1025 2055 1146 2097 argu-

355 2128 498 2162 menta
534 2130 771 2187 nectantur.

100 2213 1376 2239 mm...—

149 2332 221 2386 (ι)
250 2334 415 2375 Satura
451 2332 615 2388 (inquit
640 2333 828 2388 Paulus)
861 2343 914 2374 et·
938 2334 1025 2376 cibi
1053 2348 1184 2389 genus
1212 2338 1367 2381 dicitur

86 2409 144 2438 ex
183 2398 313 2438 variis
354 2399 482 2440 rebus
511 2398 748 2440 conditum:
804 2409 848 2441 et
875 2401 947 2441 lex
975 2403 1116 2444 multis
1148 2404 1239 2445 aliis
1267 2418 1368 2446 con·

88 2462 201 2504 ferta
228 2464 418 2518 legibus:
468 2474 512 2507 et
549 2479 680 2520 genus
721 2467 942 2519 carminis,
999 2469 1074 2512 ubi
1123 2470 1180 2511 de
1226 2473 1367 2514 multis

88 2530 220 2573 rebus
249 2529 499 2586 disputatur.
