1708 3028
525 271 935 314 HISTORIAE.
1295 273 1372 321 341

98 394 254 470 apud
273 397 432 468 signa
449 394 831 470 infrequentes
865 436 877 449 .
915 438 926 450 .
959 436 972 449 .
1007 437 1019 450 .
1053 438 1064 449 .
1099 437 1110 449 .
1135 438 1147 450 .
1174 437 1186 450 .
1214 416 1373 470 prae-

98 487 248 543 sidiis
280 492 406 562 vagi
432 531 444 544 .
469 531 481 544 .
512 529 525 544 .
554 531 568 544 .
596 510 660 544 ac
692 487 972 564 palantes,
1034 487 1106 542 de
1137 487 1373 544 meridie

91 619 109 635 ·.
136 623 147 635 .
173 623 185 635 .
211 624 223 636 .
249 583 576 654 temulenti,
618 604 690 637 ne
721 597 937 636 armatu
961 579 1192 655 quidem
1214 583 1375 635 susti-

93 671 289 730 nenda
331 673 580 746 adsueti:
649 673 745 728 sed
780 675 1122 747 inpatientia
1167 672 1373 726 laboris

92 767 259 820 armis
303 765 622 838 singillatim
662 766 988 833 omittendis
1029 767 1091 819 in
1134 765 1371 819 velitum

91 867 262 930 atque
274 855 634 912 funditorum
652 858 890 912 modum
909 856 1369 922 seminudi.Prae-

87 962 177 1010 ter
195 949 591 1006 huiuscemodi
618 949 918 1016 dedecora,
959 951 1118 1005 malis
1138 950 1366 1023 proeliis

86 1041 167 1094 ita
224 1042 468 1114 perculsi
525 1039 791 1109 fuerunt,
861 1056 928 1096 ut
993 1041 1062 1094 ad
1114 1044 1364 1115 primum

8 1136 10 1138 ’
83 1130 422 1194 Parthorum
454 1148 824 1208 conspectum
856 1149 1012 1208 terga
1046 1145 1365 1188 verterent:

77 1222 250 1278 tubas
279 1229 437 1298 quasi
462 1226 629 1300 fugae
655 1230 879 1299 signum
900 1229 1155 1281 canentis
1178 1192 1239 1286 (9)
1270 1245 1364 1278 au-

83 1314 284 1372 dirent.
352 1321 598 1375 Tantam
640 1321 897 1374 militaris
931 1319 1258 1392 disciplinae
1288 1317 1362 1370 la-

83 1408 212 1463 be'm
252 1451 548 1467 ......
591 1414 875 1476 coercuit,
937 1411 1220 1465 industria
1260 1429 1361 1464 sua

59 1501 154 1555 ad
186 1503 550 1557 militandum
582 1505 846 1577 exemplo
875 1505 1185 1578 proposita.
1243 1502 1359 1555 Pri-

81 1614 204 1648 mus
255 1596 373 1668 ipse
406 1608 462 1651 (2)
521 1598 583 1650 in
643 1599 863 1668 agmine
918 1595 1074 1649 haud
1134 1595 1358 1667 saepius

83 1705 230 1758 equo
267 1684 421 1750 vehi,
476 1707 648 1760 quam
683 1686 928 1760 pedibus
966 1686 1179 1741 fatisci:
1237 1699 1356 1740 tam

83 1779 256 1832 solem
294 1777 572 1832 torridum
615 1778 806 1843 facile,
878 1798 1048 1852 quam
1095 1777 1244 1832 diem
1277 1796 1357 1832 se·

78 1890 284 1925 renum
321 1869 497 1925 ferre:
560 1872 856 1945 pulverem
896 1870 1212 1925 confertum
1249 1888 1355 1943 pro

77 1962 299 2018 nebulis
339 1965 487 2036 pati:
545 1963 806 2018 sudorem
845 1967 908 2019 in
938 1954 1131 2029 a'rmiS,
1188 1975 1255 2016 ut
1291 1965 1353 2015 in

75 2053 321 2125 ludicris.
381 2055 620 2128 Insuper
651 2053 855 2109 habere
890 2067 1061 2129 caput
1091 2063 1353 2128 apertum

131 2330 199 2383 (ι)
229 2331 278 2369 In
306 2338 423 2371 textu
451 2335 662 2380 canentis,
692 2339 732 2370 at
762 2331 802 2368 in
832 2331 1034 2384 margine,
1062 2330 1105 2370 in
1135 2343 1217 2385 quo
1244 2328 1352 2368 haec

74 2405 349 2448 repetuntur,
387 2397 589 2437 scribitur
618 2407 829 2438 canentes.

131 2467 196 2518 (2)
225 2468 345 2526 Quae
383 2478 614 2523 sequuntur
654 2469 695 2507 in
738 2468 822 2508 hoc
862 2469 909 2509 11.
953 2469 1235 2522 Fragmento‚
1301 2478 1350 2505 ea

77 2532 132 2572 de
171 2534 349 2574 Traiano
388 2535 665 2588 intelligenda
707 2535 928 2588 videntur,
982 2548 1160 2591 quorum
1191 2533 1352 2573 similli-

78 2613 146 2639 ma
172 2610 311 2640 narrat
337 2601 496 2642 Plinius
525 2603 567 2641 in
598 2602 872 2656 Panegyricm
