1708 3028
370 219 446 258 29⁰
773 205 847 242 DE
877 204 1256 253 HEREDITATE.

560 336 793 396 FRONTo
840 337 1089 397 Amumo
1136 338 1462 401 VlcTomNo

818 448 1075 487 SALUTEM
1124 453 1177 495 (ι)

445 525 593 647 AD
622 593 841 664 (maius)
865 609 1082 665 tempus
1110 635 1122 646 .
1159 634 1171 646 .
1208 634 1220 646 .
1255 633 1267 647 .
1297 635 1307 646 .
1336 635 1349 647 .
1375 636 1386 647 .
1413 636 1424 648 .
1529 638 1541 649 .
1566 610 1622 651 et

373 686 620 737 Varianis
649 685 902 737 Alumnis
923 699 977 739 (α)
1007 685 1261 745 masculis
1295 683 1624 758 feminisque

375 840 557 881 secundo
590 849 674 880 tum
705 849 944 881 constanter
971 845 1014 881 in
1030 842 1141 882 omni
1166 841 1326 895 pagina,
1352 851 1439 891 vtum
1463 843 1623 884 diserte

373 907 494 946 etiam
534 907 577 945 in
628 907 740 947 ealce
782 907 1029 946 adscribitur
1074 915 1170 946 nota
1216 906 1314 948 Lib.
1352 908 1403 949 11.
1463 910 1622 949 Recole

369 973 491 1011 etiam
516 986 618 1026 quae
643 973 861 1014 observavi
882 973 934 1012 ad
960 975 1116 1014 calcem
1139 976 1259 1017 Libri
1280 977 1318 1019 Ι.
1340 976 1621 1031 Epistularum

372 1039 424 1077 ad
453 1039 609 1080 Verum
639 1053 677 1090 p.
708 1044 798 1086 104.

428 1104 492 1155 (ι)
539 1104 604 1142 Ex
656 1102 762 1142 libro
803 1104 833 1143 1.
883 1103 1162 1156 Epistularum
1218 1106 1270 1147 ad
1318 1107 1484 1147 Amicos
1538 1107 1621 1146 huc

365 1170 561 1208 translata
600 1178 665 1208 est
703 1169 806 1209 haec
843 1168 1052 1221 Epistula,
1102 1180 1147 1211 ut
1175 1172 1383 1226 superiori
1409 1171 1623 1214 Orationis

369 1232 625 1288 Fragmento
655 1234 708 1273 de
737 1234 929 1288 proximo
959 1236 1051 1276 loco
1079 1237 1214 1277 lucem
1245 1245 1501 1290 aspergeret.

422 1301 488 1354 (2)
501 1300 676 1356 Quinam
693 1309 783 1338 sunt
796 1301 964 1341 Variani
982 1303 1151 1341 Alumni
1165 1303 1184 1342 ⁴?
1214 1305 1360 1343 Exstat
1382 1303 1425 1343 in
1440 1302 1622 1355 Digestis

367 1365 460 1407 Lib.
476 1376 540 1413 ao.
567 1365 648 1404 Tit.
674 1380 731 1410 ια,
752 1367 852 1417 Leg.
866 1381 927 1416 27.
946 1367 1194 1420 rescriptum
1204 1368 1411 1407 Divorum
1426 1369 1620 1407 Fratrum

366 1431 421 1472 de
443 1440 548 1472 statu
572 1431 735 1471 Romuli
758 1431 919 1484 pupilli,
950 1432 1022 1485 qui
1043 1433 1150 1471 filius
1173 1441 1261 1472 erat
1287 1435 1454 1475 Variae
1476 1433 1620 1487 Hedo-

364 1497 442 1545 nis,
472 1506 512 1536 et
539 1506 678 1536 tutore
701 1493 894 1534 utentur
908 1500 1046 1539 Vario
1063 1499 1279 1538 Hermete.
1310 1498 1418 1538 Item
1441 1498 1483 1538 in
1504 1498 1621 1539 festis

363 1563 651 1604 consularibus
689 1562 874 1601 occurrit
911 1564 959 1605 Τ.
1004 1563 1065 1604 Cl.
1106 1564 1254 1607 Vibius
1291 1565 1439 1605 Varus
1478 1564 1620 1604 consul

363 1642 457 1669 cum
485 1627 649 1667 Bradua
687 1640 794 1666 anno
830 1634 925 1680 post
954 1626 1030 1668 Ch.
1060 1628 1112 1666 N.
1148 1629 1235 1671 160.
1284 1629 1350 1668 Pii
1379 1629 1619 1683 imperantis

364 1694 522 1734 ultimo.
575 1695 630 1733 Et
658 1693 826 1746 quidem
856 1694 904 1733 T.
937 1693 997 1732 Cl.
1026 1692 1140 1735 Vibii
1169 1697 1285 1736 Vari
1313 1695 1496 1734 consulis
1526 1707 1619 1734 eum

363 1757 528 1798 Bradua
567 1771 796 1810 cognomen
836 1772 909 1797 seu
945 1770 1146 1811 agnomen
1177 1763 1321 1800 Varus
1347 1759 1430 1798 iam
1458 1769 1618 1800 eertum

366 1833 431 1864 est
460 1833 555 1877 post
584 1824 903 1877 inscriptionem
931 1824 1083 1863 editam
1113 1838 1135 1862 a
1165 1823 1392 1864 Muratodo
1420 1825 1480 1876 (in
1509 1824 1620 1864 The-

365 1904 470 1930 saur.
512 1903 605 1931 nov.
644 1890 837 1941 Inscript.
879 1903 919 1943 p.
958 1890 1222 1941 CCCxxxln.).
1278 1889 1413 1928 Huius
1438 1887 1617 1930 fortasse

365 1957 479 1996 Vari
505 1954 578 1993 filii
607 1963 676 1994 aut
703 1964 906 2007 nepotes,
946 1963 1063 1994 oert'e
1091 1954 1264 2002 alumni,
1299 1954 1341 1992 in
1369 1961 1616 1994 testamento

362 2020 556 2059 Matidiae
587 2020 720 2072 legata
749 2020 886 2058 sortiti
914 2027 1021 2060 sunt.
1059 2019 1185 2078 Quod
1212 2019 1245 2058 si
1273 2019 1315 2058 in
1345 2018 1504 2059 Codice
1531 2033 1615 2058 non

365 2088 571 2127 Varianis
602 2085 676 2124 sed
709 2087 909 2127 Verianis
937 2085 1158 2138 legissem,
1190 2083 1378 2125 alumnos
1405 2093 1615 2137 putassem

362 2153 408 2190 C.
443 2151 600 2192 Valerii
634 2154 818 2193 Veriam‘
846 2151 1028 2198 Homuli,
1064 2152 1136 2204 qui
1164 2148 1243 2190 fuit
1269 2150 1346 2189 Pio
1376 2148 1614 2198 familiaris,

360 2225 401 2256 et
439 2220 497 2258 M.
539 2216 703 2256 Aurelii
739 2230 885 2269 parum
927 2216 1154 2264 studiosus,
1194 2224 1240 2255 ut
1268 2221 1429 2256 constat
1457 2228 1510 2254 ex
1538 2217 1613 2255 Ca.

360 2282 535 2336 pitolino
561 2282 604 2320 in
632 2284 716 2323 Pio
745 2296 783 2335 p.
800 2283 866 2324 3..
899 2281 946 2320 A.
975 2290 1017 2320 et
1044 2281 1086 2319 in
1114 2285 1266 2321 lWarco
1295 2295 1336 2334 p.
1356 2279 1420 2321 3⁶.
1448 2281 1495 2322 Α.
1526 2282 1614 2319 Du-

358 2347 538 2387 bitabam
577 2347 701 2387 etiam
749 2360 847 2386 num
888 2346 1112 2398 legendum*
1148 2354 1258 2386 esset
1302 2348 1510 2385 Varianis
1535 2359 1613 2398 pro

362 2416 580 2455 Varianis.
638 2413 742 2452 Nam
782 2413 987 2465 scriptura
1027 2422 1094 2451 est
1122 2413 1376 2465 aliquantum
1404 2410 1608 2465 ambigua.

356 2479 441 2518 Sed
470 2490 604 2519 tamen
632 2472 687 2518 τὸῐ
709 2480 916 2520 Varianis
944 2478 1179 2532 praevalen·
