1702 3060
356 429 500 501 M·
554 421 1169 501 FRONTONIS

595 569 959 618 LAUDES

234 685 491 740 ¹FUMI
554 686 659 730 ET
718 635 1174 728 Pnssvssnls
1209 686 1267 733 (ι)

379 918 633 988 CAESARI
679 948 790 988 suo
824 950 882 996 (α)
918 927 1162 989 FRoNTo

203 1058 295 1172 P
299 1135 569 1184 LERIQUE
611 1118 920 1191 legentium
955 1117 1148 1173 forsan
1186 1136 1305 1171 rem
1343 1115 1415 1171 de

129 1209 298 1263 titulo
321 1222 721 1274 contemnant,
762 1208 904 1273 nihil
935 1212 1143 1264 serium
1162 1211 1415 1283 potuisse

131 1297 254 1354 fieri
277 1302 383 1355 DE
405 1303 450 1356 F
453 1302 629 1358 UMO
655 1303 759 1355 ET
780 1301 1149 1357 PULVERE.
1197 1303 1289 1354 Tu
1309 1320 1415 1376 pro

183 1485 252 1541 (ι)
283 1488 405 1528 Haec
451 1486 619 1542 nugalia
671 1498 719 1528 se
770 1486 1097 1541 conscripsisse,
1150 1496 1194 1527 et
1245 1486 1418 1543 quidem

130 1565 283 1606 magno
334 1553 477 1594 studio
519 1562 564 1594 et
615 1554 766 1608 vigore
807 1554 1002 1596 adfirmat
1037 1554 1131 1608 ipse
1171 1554 1336 1594 Fronto
1374 1554 1422 1596 in

129 1612 320 1672 Epistula
359 1621 429 1660 nl.
477 1620 662 1660 Alsiensi
702 1635 746 1675 p.
796 1623 889 1663 188.
938 1622 1119 1678 Sefutus
1166 1629 1230 1661 est
1276 1629 1420 1662 autem

130 1687 298 1730 Fronto
336 1699 499 1727 morem
540 1696 734 1728 veterum
773 1688 1092 1742 sophistarum,
1143 1689 1215 1743 qui
1262 1688 1308 1728 in
1347 1702 1420 1743 pa-

129 1751 301 1794 radoxis
355 1753 571 1808 ingenium
623 1762 667 1794 et
722 1762 855 1794 artem
904 1763 1121 1795 ostentare
1164 1753 1421 1808 gaudebant.

129 1819 370 1874 Egestatem
410 1819 642 1862 celebravit
680 1819 724 1859 in
763 1821 986 1876 Symposio
1022 1821 1151 1862 etiam
1179 1822 1421 1876 Xenophon

134 1887 240 1941 Cap.
271 1901 328 1929 iv.
362 1899 429 1942 29.
463 1896 505 1928 et
534 1901 654 1943 seqq.
704 1889 854 1930 Febris
883 1889 985 1929 item
1017 1898 1061 1931 et
1087 1890 1292 1943 podagra
1320 1889 1421 1929 olim

115 1976 117 1978 ·
135 1953 402 1994 collaudatae
426 1963 534 1995 sunt.
565 1954 773 1995 Frontoni
795 1964 934 1996 aetate
956 1970 1160 2011 suppares
1184 1955 1267 1996 Dio
1287 1956 1421 2008 Chry-

134 2029 341 2061 sostomus
363 2023 522 2071 culicis,
553 2021 763 2062 Lucianus
785 2038 964 2072 muscae,
1004 2032 1048 2063 et
1072 2023 1256 2078 denique
1279 2032 1420 2077 poste-

130 2087 225 2127 rior
254 2088 457 2140 Synesius
489 2090 666 2130 calvitii
692 2089 841 2130 laudes
872 2089 1213 2131 elaboraverunt.
1255 2091 1345 2130 Iam
1375 2091 1420 2130 in

130 2154 197 2194 his
235 2154 441 2206 ludicris,
496 2164 542 2195 ut
582 2155 726 2209 verbis
765 2154 970 2196 Tullianis
1003 2166 1116 2207 utar,
1173 2174 1258 2200 non
1286 2175 1420 2214 quan-

132 2231 223 2263 tum
245 2225 434 2279 quidque
457 2227 624 2278 prosit,
651 2225 729 2265 sed
750 2228 907 2279 quanti
929 2227 1118 2280 quidque
1139 2228 1200 2266 sic
1215 2254 1227 2273 ‚
1259 2229 1421 2279 ponde·-

133 2286 315 2331 r‘anddm
339 2300 415 2332 esc.
461 2291 666 2331 Ceterum
694 2290 820 2331 huius
853 2290 1158 2345 elegantissimi
1186 2292 1419 2347 Frontonis

135 2356 343 2409 Opusculi
383 2370 576 2412 magnam
617 2366 783 2412 partem
821 2358 1064 2398 amisimus:
1117 2369 1317 2413 superest
1358 2369 1420 2400 ta-

134 2435 232 2462 men
262 2422 485 2463 exordium
512 2439 672 2479 paene‚
704 2433 751 2465 ut
779 2424 974 2475 videtur»,
1001 2425 1239 2478 integrum,
1267 2426 1311 2466 in
1334 2441 1419 2482 quo

135 2498 365 2543 praecepta
404 2491 558 2544 optima
613 2491 665 2532 de
714 2491 781 2531 his
828 2491 1044 2532 ioculariis
1096 2493 1419 2535 conscribendis

137 2555 371 2598 traduntur.

192 2622 258 2674 (2)
287 2623 451 2675 Nempe
480 2625 538 2666 M.
571 2623 748 2665 Aurelio
780 2624 966 2665 nondum
999 2624 1206 2676 Augusto.
