1708 3028
609 275 849 347 srRENo.
1182 237 1187 242 ’
1283 279 1366 332 309

77 402 166 461 vel
188 400 382 457 dolor.
411 443 423 455 .
454 442 467 455 .
496 442 508 456 .
533 399 762 457 decurio
788 442 801 455 .
827 442 838 456 .
865 441 877 456 .
903 441 915 453 .
939 411 999 454 te
1024 441 1037 454 .
1064 421 1358 456 ...meum

78 523 130 556 „a
159 536 172 549 .
201 535 216 549 .
240 536 253 549 .
277 496 338 547 in
370 495 428 548 te
451 535 623 548 .....
649 501 818 549 neret
858 476 958 567 qui
991 511 1219 547 omnem
1250 514 1356 567 pro

75 585 452 641 decurionatu
482 589 784 660 pecuniam
812 586 1190 660 dependisset.
1233 586 1354 640 Sibi

76 719 90 733 .
107 720 128 736 ,.
150 720 165 732 .
190 720 204 733 .
228 699 399 743 num,
428 678 571 743 Fili,
614 699 759 753 quae
778 721 791 733 .
819 722 831 733 .
858 722 869 733 .
894 721 906 734 .
932 677 1162 753 quidem
1185 719 1349 732 .....
1402 698 1408 708 “

74 770 359 830 interdum
394 769 568 825 facias
609 810 853 826 .....

366 962 380 978 ”
405 973 665 1047 Explicit
710 975 909 1047 Ονᾳιίο
942 990 1016 1037 (ι).

259 1200 1164 1315 SUPPLEMENTUM

99 1353 437 1474 iprisrt-JLAE
470 1416 541 1458 ιν.
572 1396 743 1457 Lfflm
775 1396 838 1456 11.
877 1416 953 1456 AD
995 1396 1214 1457 VERUM
1245 1417 1306 1462 (ι)

73 1589 87 1597 2
146 1591 161 1606 .
188 1594 199 1606 .
225 1594 237 1606 .
264 1546 283 1607 .’
302 1553 509 1608 inlatae
534 1566 727 1608 autem
752 1594 920 1608 .....
944 1573 1058 1626 quo
1086 1552 1352 1607 scribsisti

69 1655 152 1716 tn.
193 1646 414 1700 Extant
439 1647 627 1701 Catuli
647 1647 900 1722 litterae,
931 1645 1146 1719 ’quibus
1169 1687 1181 1699 .
1207 1687 1219 1700 .
1244 1688 1256 1700 .
1279 1687 1292 1700 .
1319 1665 1352 1699 a

125 1870 193 1924 (ι)
223 1870 412 1925 Explicit
440 1885 596 1912 revera
607 1874 772 1924 Oratio,
801 1887 895 1913 nam
925 1873 1114 1928 sequitur
1136 1873 1180 1913 in
1202 1872 1351 1914 eadem

67 1935 221 1991 pagina
231 1934 424 1992 Epistula
453 1953 561 1994 quae
590 1939 739 1994 incipit
755 1942 965 1983 Gratulor
985 1954 1009 1980 a
1030 1940 1152 1981 nobis
1175 1939 1352 1981 inferius

68 2001 320 2047 exhibenda.
359 2006 582 2046 Maximam
611 2016 755 2047 autem
784 2006 908 2047 huius
937 2007 1156 2049 Orationis
1184 2015 1351 2061 partem

16 2050 192 2117 &erto
221 2071 443 2118 amisimus.
496 2074 602 2113 Nam
631 2082 928 2130 praeterquam
952 2074 1067 2129 quod
1096 2074 1220 2128 plura
1247 2073 1352 2114 folia

65 2134 250 2179 fortasse
289 2137 440 2179 absunt
479 2154 501 2179 a
531 2140 716 2190 Codice,
758 2141 875 2196 ipsae
904 2141 1082 2195 paginae
1114 2141 1348 2193 tredecim,

66 2216 176 2260 quae
206 2205 449 2260 supersunt,
480 2205 588 2247 adeo
618 2209 854 2264 pleraeque
877 2208 1131 2249 obliteratae
1154 2217 1273 2259 sunt,
1305 2196 1363 2265 ¹¹?

66 2271 234 2312 nonnisi
264 2271 413 2330 exigua
441 2273 647 2328 quaedam
680 2276 781 2316 inde
812 2276 939 2317 educi
966 2275 1196 2331 potuerint.

122 2338 188 2391 (2)
220 2339 368 2393 Serius
396 2334 500 2380 m'ihi
528 2333 705 2405 contigit
732 2352 780 2383 ut
807 2344 850 2384 in
882 2344 1106 2384 obliterata
1138 2352 1181 2383 et
1208 2343 1350 2382 lacera

70 2403 248 2456 quadam
286 2406 454 2448 Codicis
491 2409 643 2463 pagina
681 2409 841 2464 aliquid
872 2411 1090 2464 begerem,
1147 2409 1260 2464 quod
1298 2407 1352 2447 ad

69 2479 259 2524 quartam
299 2472 533 2527 Epistulam
572 2476 691 2515 Libri
734 2477 907 2516 alterius
947 2477 999 2517 ad
1028 2478 1190 2520 Verum
1222 2474 1354 2515 omni-

69 2549 127 2576 no
166 2538 306 2591 pertin
418 2542 496 2582 Est
537 2552 679 2583 autem
720 2543 801 2584 hoc
842 2544 1194 2600 Supplernentu'm
1226 2541 1352 2596 plane

69 2603 216 2645 nobile
253 2614 341 2646 tum
379 2618 558 2663 propter
599 2609 770 2650 laudem
824 2625 948 2666 quam
990 2613 1156 2652 Fronto
1205 2608 1354 2651 tribuit
