1748 3054
870 117 878 143 Ι

579 239 995 284 HISTORIAE.
1344 242 1426 286 353

146 368 360 425 Multos
389 366 636 421 militum
654 367 967 441 Imperator
1000 383 1103 419 suo
1138 384 1422 440 quemque

147 462 383 515 nomine
396 459 630 533 proprio
644 448 702 517 (Γ)
715 499 729 522 ,
756 470 928 530 atque
941 458 1204 511 castrensi
1221 478 1425 531 cogno-

145 555 300 608 mine
322 551 431 627 (io)
455 552 630 605 culari
664 549 999 625 appellabat.
1022 548 1216 621 Pigros
1241 592 1254 604 .
1270 592 1281 604 .
1299 592 1312 604 .
1335 552 1427 605 vel

149 646 436 701 corniculo
467 655 531 709 (2)
569 644 658 699 vel
701 642 950 714 (aureo),
991 643 1078 696 vel
1102 683 1115 697 .
1142 683 1154 697 .
1180 683 1193 696 .
1215 647 1428 716 partim

149 780 163 792 .
179 779 216 792 ..
245 740 516 810 cuiusque
542 779 555 792 .
584 779 595 791 .
623 779 635 795 .
659 735 984 810 triumphus
1009 778 1020 789 .
1045 777 1057 790 .
1082 777 1095 789 .
1118 738 1298 790 Lucio
1320 738 1429 790 ‘mi-

146 830 273 885 lites
311 841 426 883 aut
467 827 674 883 dilectu
715 847 868 909 nqvo
910 830 1122 906 tirones
1167 827 1428 882 sumendi

146 921 404 988 fuerunt,
440 935 540 975 aut
565 964 605 976 ..
622 963 634 975 .
667 933 724 975 et
748 918 906 974 molli
930 921 1130 975 militia
1151 922 1422 995 corrupti.

73 1074 79 1076 ,
146 1015 408 1087 Namque
428 1027 560 1088 post
581 1055 593 1067 .
617 1055 630 1067 .
655 1054 668 1068 .
695 1055 705 1067 .
730 1013 1150 1087 propemodum
1171 1056 1182 1068 .
1209 1027 1223 1068 ’.
1246 1057 1256 1069 .
1283 1056 1294 1068 .
1317 1016 1427 1069 Ha-

149 1106 350 1161 driano
389 1105 423 1136 ¹²
467 1098 731 1180 principe
778 1105 1040 1179 regundis
1087 1119 1144 1161 et
1183 1106 1428 1163 facunde

148 1199 499 1275 appellandis
526 1198 867 1255 exercitibus
890 1202 1002 1256 suis
1033 1202 1287 1274 inpigre),
1330 1200 1428 1255 sed

150 1313 183 1347 a
208 1312 420 1348 summ.
447 1334 459 1346 .
484 1333 495 1347 .
522 1291 802 1355 bellorum
831 1334 842 1345 .
869 1334 880 1345 .
909 1334 921 1345 .
948 1290 1269 1346 Hadrianus
1299 1313 1428 1366 pro-

79 1382 82 1384 ’
147 1387 362 1439 vincias
410 1404 586 1438 manu
635 1385 863 1437 Traiani
917 1395 1106 1457 captas
1165 1387 1428 1440 omittere

148 1479 373 1542 maluit,
415 1496 585 1550 quam
616 1479 870 1530 exercitu
891 1478 1135 1530 retinere
1157 1490 1234 1536 (3).
1290 1478 1427 1533 Eius

359 1656 413 1682 ·*
443 1657 508 1703 In
542 1657 802 1718 margine:
854 1659 921 1703 De
958 1659 1187 1704 Hadriano.

153 1828 394 1870 Parthicum
433 1823 595 1865 bellum
639 1835 733 1863 cum
781 1822 974 1863 exercitu
1017 1823 1090 1877 qui
1124 1836 1265 1877 nuper
1292 1823 1435 1864 Dacos

154 1895 398 1944 devicerat;
443 1890 579 1948 Lucio
607 1889 788 1929 traditus
836 1898 903 1930 est
937 1889 1154 1930 exereitus
1204 1889 1433 1943 Syriaticus

154 1963 316 2004 incuria
345 1970 388 2001 et
413 1957 585 1999 lascivia
617 1965 663 1996 et
691 1957 781 1996 otio
811 1956 974 1996 diutino
1006 1956 1243 2011 corruptusss
1270 1957 1434 1998 Recole

155 2028 388 2086 Epistulam
425 2040 482 2067 iv.
523 2023 644 2065 Libri
669 2023 722 2063 11.
763 2023 815 2062 ad
854 2024 1014 2067 Verum
1042 2038 1086 2078 1).
1119 2039 1210 2078 ¹¹7·
1241 2032 1283 2064 et
1311 2037 1434 2079 seqq.

211 2096 281 2150 (ι)
310 2091 540 2136 Confirmat
578 2089 634 2131 de
675 2090 858 2131 Traiano
896 2089 1058 2130 Plinius
1086 2090 1140 2130 *in
1167 2090 1435 2145 Panegyrico

154 2177 198 2219 1>-
229 2167 295 2208 30-

179 2253 190 2255 μ’
211 2229 279 2283 (2)
311 2226 585 2271 Corniculum
625 2222 727 2264 doni
764 2223 958 2266 militaris
991 2236 1124 2279 genus
1158 2222 1263 2276 fuit,
1303 2225 1437 2268 virtu-

157 2295 213 2336 tis
237 2306 340 2348 ergo
358 2291 558 2334 =00nferri
587 2292 767 2332 solitum.
853 2317 859 2324 -

217 2361 282 2415 (3)
311 2360 544 2401 Confirmat
571 2352 824 2412 Spartianus
850 2358 893 2398 in
913 2357 1133 2398 Hadriano
1161 2371 1206 2412 p.
1238 2363 1278 2407 4.
1313 2358 1360 2399 A.
1383 2359 1435 2401 B.

162 2444 184 2469 2»
215 2425 522 2468 Deficientibus
562 2426 801 2466 nationibus
845 2439 950 2482 quas
1001 2424 1207 2463 Traianus
1263 2424 1442 2478 subege-

162 2511 184 2537 ν
213 2502 279 2534 rat
315 2525 326 2535 .
368 2524 378 2534 .
420 2493 559 2552 onmia
598 2492 905 2548 (Hadrianus)
945 2500 1060 2532 trans
1100 2490 1365 2545 Euphratem
1397 2501 1442 2532 et

163 2579 186 2603 xe
216 2560 380 2615 Tigrim
404 2560 578 2615 reliquit
606 2576 643 2602 ι),

939 2631 990 2671 23
