1728 3034
416 461 531 506 AD
613 446 1332 505 ·M·ANTON1NUM

442 561 523 610 DE
552 568 946 612 ORA'rloNlssus
976 567 1146 610 LIBER
1177 567 1209 607 1.
1243 565 1300 610 (ι)

534 812 539 814 ·
622 788 1039 856 FRAGMENrUM
1084 787 1126 847 I.

305 892 740 1010 IMMORTALES
778 956 892 1010 Dei
940 954 1173 1010 siverint
1220 952 1514 1006 comitium

232 1058 291 1100 et
316 1059 497 1100 rostra
539 1055 595 1100 et
633 1047 940 1101 tribunalia
972 1045 1206 1100 Catonis
1250 1058 1307 1098 et
1347 1045 1514 1118 Grac-

233 1135 326 1190 chi
373 1150 430 1191 et
466 1137 757 1194 Ciceronis
823 1137 1180 1194 orationibus
1237 1134 1513 1190 celebrata

228 1225 339 1280 hoc
366 1230 726 1301 potissimum
760 1230 984 1285 saeculo
1010 1230 1373 1282 conticiscere
1404 1222 1510 1284 m?

282 1386 351 1440 (ι)
379 1387 502 1428 Duos
529 1389 678 1429 saltem
707 1388 863 1430 Libros
890 1389 1204 1444 Epistularum,
1234 1387 1387 1444 quibus
1419 1400 1513 1427 ora-

195 1459 336 1499 ¹toria
375 1469 609 1515 praecepta
650 1460 871 1512 tradebat,
911 1462 1143 1516 scripserat
1182 1461 1360 1501 Fronto.
1424 1460 1512 1499 Nos

225 1531 447 1588 utriusque
477 1532 600 1573 Libri
627 1531 877 1588 Fragmenti
905 1535 1068 1590 aliquot
1097 1548 1150 1575 ex
1179 1532 1384 1574 deletitii·
1413 1546 1513 1588 per·

225 1603 490 1660 turbatisque
517 1605 776 1646 membranis
818 1619 948 1662 aegre
986 1606 1186 1649 eruimus.
1253 1607 1342 1646 Has
1368 1614 1513 1645 autem

223 1688 382 1718 revera
411 1691 503 1720 esse
530 1688 676 1735 partes
716 1680 1008 1735 Epistularum
1050 1688 1214 1721 constat
1248 1692 1427 1734 prorsus
1457 1691 1511 1718 ex

223 1748 486 1803 Fragmento
505 1755 563 1794 1v.'
592 1751 714 1792 Libri
740 1752 793 1796 11.
824 1753 1022 1794 Iamvero
1042 1751 1167 1792 hasce
1194 1751 1408 1806 Epistulas
1431 1749 1511 1789 DE

224 1819 615 1865 ORATIONIBUS
655 1823 774 1865 dedit
804 1824 970 1865 Fronto
999 1823 1054 1865 ad
1080 1826 1298 1874 Marcum,
1350 1831 1394 1863 et
1422 1821 1512 1877 qui·

225 1891 324 1932 dem
355 1893 728 1950 iamAugustum,
768 1897 843 1951 qui
880 1910 1010 1951 quum
1049 1895 1298 1936 adolescens
1337 1895 1383 1935 iu
1423 1894 1513 1934 elo-

225 1965 396 2019 quentia
418 1967 518 2007 satis
540 1966 830 2022 profecisset,
862 1967 1017 2009 deinde
1041 1968 1339 2033 filosophiae
1362 1980 1510 2008 amore

221 2034 394 2079 illectus
442 2039 496 2079 ad
536 2039 800 2082 dialecticam
853 2050 896 2082 et
944 2040 1152 2082 eiusmodi
1196 2039 1335 2081 aridas
1383 2038 1508 2080 disci-

222 2108 361 2162 plinas
397 2110 637 2153 deflexerat
678 2115 841 2169 (quare
879 2122 924 2154 et
951 2116 1231 2168 cognomento
1258 2112 1508 2169 philosophi

223 2178 444 2224 distinctus
489 2190 601 2236 est).
626 2194 630 2198 ’
688 2186 741 2226 Id
783 2186 874 2227 eius
925 2187 1106 2227 studium
1156 2200 1251 2228 cum
1306 2200 1359 2227 ex
1412 2185 1505 2225 aliis

221 2252 503 2308 Auctoribus,
539 2266 626 2298 tum
657 2272 709 2299 ex
735 2260 830 2314 ipso
859 2262 915 2302 Μ.
947 2260 1126 2301 Aurelio
1156 2263 1234 2302 De
1263 2260 1388 2301 rebus
1414 2262 1504 2300 suis

222 2325 257 2367 I.
288 2341 330 2380 7.
361 2336 406 2369 et
423 2330 645 2371 Frontone
663 2332 759 2373 Lib.
782 2333 834 2372 11.
858 2333 1029 2387 Fragm.
1051 2333 1119 2376 ιιΙ,
1138 2332 1263 2372 huius
1274 2330 1431 2385 Operis
1449 2316 1503 2372 de

225 2400 512 2445 Orationibus
549 2404 838 2458 exploratum
849 2414 928 2447 est.
987 2406 1150 2446 Fronto
1180 2405 1313 2459 igitur
1342 2406 1503 2446 Orator

220 2468 412 2522 ‘Marcum
453 2489 572 2516 suum
611 2477 665 2516 ad
695 2478 984 2556 eloquentiam
1011 2491 1093 2533 pro
1122 2477 1282 2520 viribus
1309 2485 1499 2520 revocat.

278 2546 342 2600 (2)
371 2547 538 2590 Recole
566 2563 608 2604 p
638 2562 721 2606 209
747 2565 790 2592 n.
827 2568 864 2595 ι
