1708 3028
617 319 924 363 PARTHICO.
1340 320 1423 366 323

134 447 475 522 degenerare
506 444 793 522 videretur
809 461 868 504 (ι)
891 439 924 499 ἵ)
958 487 969 497 .
999 486 1012 498 ,
1048 485 1060 498 .
1101 457 1159 498 et
1183 433 1416 517 gloriam

131 542 359 603 romani
383 540 631 593 nominis
652 535 1087 602 restituendam,
1114 550 1171 591 et
1190 536 1420 591 insidias

131 631 473 705 fraudesque
514 631 766 685 hostium
788 673 800 684 .
825 672 837 684 .
864 672 876 683 .
901 649 1048 703 quae
1070 673 1082 683 .
1111 671 1122 684 .
1151 671 1164 683 .
1192 649 1415 703 compaz

129 739 254 780 rata
278 766 290 778 .
319 767 331 779 .
363 766 375 778 .
400 723 646 778 vendere
669 765 680 777 .
707 764 719 776 .
745 765 757 776 .
784 703 1042 796 nuga(l:i)
1065 764 1077 775 .
1096 763 1109 776 .
1129 763 1141 775 .
1159 723 1422 776 consulta

132 829 282 871 sunt.
333 818 451 870 Iam
482 858 494 870 .
531 858 542 870 .
580 858 592 870 .
630 835 738 870 con
763 858 775 868 .
802 857 814 869 .
839 858 851 869 .
875 817 998 869 iure
1020 817 1340 889 meritoque
1366 857 1378 869 .
1403 855 1417 869 .

187 952 199 963 .
234 928 421 982 neque
451 950 463 962 .
500 951 512 963 .
554 951 566 962 .
604 919 813 962 vocent
850 924 1080 982 paratos
1122 908 1417 982 progredi,

131 1000 377 1074 regredi,
426 1000 753 1055 remanere:
814 1020 1015 1074 porr0‚
1066 1016 1218 1056 retro
1235 1044 1247 1066 ,
1298 1002 1418 1066 ilic,

133 1093 744 1167 istie.Haudquaquam
768 1095 909 1147 utile
935 1107 1019 1149 est
1038 1093 1259 1147 homini
1281 1107 1420 1148 nato

131 1205 219 1240 res
252 1205 551 1260 prosperas
588 1201 871 1260 perpetuo
914 1184 1160 1262 evenire.
1223 1189 1423 1240 Fortu-

130 1298 241 1332 nae
273 1280 461 1332 variae
483 1282 658 1351 magis
680 1292 853 1333 tutae.
896 1281 997 1333 Est
1028 1278 1284 1352 exemplo
1314 1282 1422 1334 Po-

132 1370 156 1426 Ζ
154 1382 438 1450 ycrates(²>
459 1371 786 1427 Samiorum
800 1385 1085 1450 tyrannus
1099 1371 1422 1446 ingentibus

129 1462 434 1537 praeditus
456 1464 661 1538 opibus
678 1507 690 1528 ,
719 1476 776 1517 et
800 1466 1076 1529 omnium,
1116 1484 1420 1537 quaecum-

87 1572 89 1574 ·
133 1576 246 1629 que
276 1555 626 1622 intenderat,
678 1559 800 1611 sine
837 1556 1159 1610 ofsensione
1184 1561 1418 1630 potitus,

132 1647 296 1703 Nihil
327 1650 391 1702 in
437 1661 621 1703 aetate
664 1649 885 1722 agunda
925 1649 1054 1703 duri
1093 1664 1193 1704 aut
1237 1649 1423 1704 acerbi

196 1906 267 1960 (1)
299 1906 459 1947 Locum
500 1900 687 1947 illustrat
731 1907 901 1948 Solinus
947 1908 1049 1962 Cap.
1095 1923 1134 1950 2.
1195 1909 1426 1950 »Gentem

139 1988 159 2012 >›
191 1974 430 2013 Marsorum
472 1974 743 2028 serpentibus
772 1976 956 2014 illaesam
990 1987 1083 2014 esse
1113 1975 1218 2015 nihil
1247 1977 1426 2017 mirumz

135 2055 155 2079 υ
190 2053 214 2077 a
243 2036 392 2080 Circae
430 2039 520 2081 filio
561 2041 604 2080 hi
644 2055 780 2095 genus
810 2041 998 2091 ducunt,
1052 2050 1094 2081 et
1126 2042 1180 2082 de
1210 2045 1320 2084 avita
1349 2059 1424 2099 po-

133 2120 157 2145 »
187 2107 319 2146 tentia
361 2107 513 2148 deberi
566 2107 646 2148 eibi
687 2109 826 2148 sciunt
869 2108 1096 2150 servitium
1137 2124 1425 2153 venenorum:

133 2187 156 2214 ἱ
186 2172 286 2213 ideo
308 2182 479 2215 'venena
508 2183 781 2216 contemnunt
811 2194 848 2217 ν.

188 2253 256 2306 (2)
284 2253 482 2299 Namatio
523 2252 578 2293 de
617 2254 846 2307 Polycrate
874 2254 946 2297 vix
976 2253 1133 2310 legitur
1161 2257 1205 2296 in
1234 2257 1422 2310 Codice,

135 2318 350 2360 interdum
386 2311 587 2361 vero'ne
627 2321 699 2362 vix
737 2321 923 2376 quidem.
980 2323 1083 2362 Eam
1111 2324 1246 2379 igitur
1268 2326 1425 2366 -identi-

139 2385 238 2426 dem
277 2386 430 2441 expleo
469 2401 522 2427 ex
561 2387 776 2442 Herodoti
815 2388 974 2430 Thalia.
1031 2390 1270 2443 Polycratia
1299 2392 1427 2432 histo·

138 2453 246 2493 riam
274 2454 372 2495 vide
401 2455 455 2494 sis
485 2454 615 2494 etiam
644 2456 755 2510 apud
786 2457 1037 2497 Ciceronem
1073 2461 1127 2498 de
1158 2461 1253 2499 Fen.
1287 2473 1326 2498 v.
1363 2462 1429 2500 30.

138 2520 391 2561 Strabonem
421 2522 517 2563 Lib.
545 2536 628 2563 xlv.
656 2536 698 2576 p.
733 2524 829 2567 638.
861 2523 1046 2564 Plinium
1074 2525 1235 2566 Histor.
1266 2540 1426 2567 xxxvn.

140 2588 253 2627 sect.
282 2588 334 2628 11.
373 2588 591 2632 Valerium
631 2591 740 2630 Max.
775 2605 831 2632 vr.
863 2605 904 2645 q.
960 2592 1054 2633 Ext.
1082 2595 1122 2634 5.
1165 2583 1427 2632 Athenaeum

142 2665 218 2696 ιιι.
247 2666 342 2708 pag.
375 2655 468 2696 522.
500 2656 703 2696 Tzetzem
732 2657 839 2701 Chil.
871 2672 952 2701 vu.
984 2671 1074 2698 121.

1010 2732 1118 2769 ῆι*
