1708 3028
640 295 877 352 SERENO.
1307 313 1390 357 ΒΨ)

115 439 320 493 Factus
375 455 451 488 ne
510 445 594 488 est
645 431 983 487 Volumnius
1032 425 1258 481 decreto
1310 431 1394 479 or'-

119 530 263 586 dinis
295 528 472 583 scriba
505 540 562 581 et
593 518 867 580 decurio?
925 521 1235 575 Pensiones
1271 519 1394 592 plu-

117 624 283 696 rimas
308 620 378 674 ad
391 633 650 692 quartam
664 637 845 689 usque
869 615 943 668 ob
961 613 1395 668 decurionatum

119 712 394 788 dependit
414 725 471 772 (ι)
492 707 524 766 ‘2
1377 692 1384 703 ¹

155 823 160 831 ⁸
194 808 344 861 Usus
393 825 468 858 ne
510 817 592 857 est
632 822 734 876 per
777 804 1031 875 quinque
1070 814 1128 855 et
1166 796 1397 873 quadra-

120 900 276 972 ginta
315 915 494 950 annos
535 896 797 950 omnibus
829 894 1204 949 decurionum
1241 911 1400 965 prae-

119 991 227 1045 mis
268 987 723 1060 commodisque,
789 990 941 1042 cenis
980 981 1271 1060 publicis‘.2
1332 984 1401 1038 In

125 1083 279 1136 curia
326 1083 388 1135 in
428 1081 762 1154 spectaculis
812 1082 1039 1133 cenavit
1075 1074 1197 1133 ne?
1259 1074 1406 1136 sedit

126 1169 243 1228 ne‘.2
302 1175 385 1228 Ut
417 1172 646 1227 decurio
685 1175 902 1227 censuit
934 1192 1007 1227 ne
1029 1184 1087 1231 (2)
1109 1167 1142 1225 (ἓ

199 1265 377 1338 Siquo
414 1284 546 1319 usus
588 1264 698 1319 fuit
735 1264 962 1337 publice
1000 1247 1275 1335 legand0‚
1330 1261 1405 1316 le-

126 1369 286 1429 gatus
308 1377 384 1411 ne
412 1369 494 1409 est
514 1347 849 1410 Volumnius
868 1373 1278 1429 saepenumero
1301 1364 1357 1412 (3)
1371 1349 1404 1409 2

61 1557 64 1560 “
127 1570 265 1612 usque
307 1557 432 1599 unico
471 1557 618 1611 (quod
656 1557 814 1611 sciam)
855 1557 1049 1612 exemplo
1093 1557 1257 1597 Pisonis
1298 1554 1410 1611 apud

129 1624 313 1663 Gellium
342 1639 401 1666 vi.
441 1637 480 1678 q.
522 1624 759 1667 nitebatur:
811 1615 938 1680 quein
973 1624 1099 1665 etiam
1137 1625 1280 1664 locum
1305 1637 1410 1663 non-

128 1691 232 1730 nulli
261 1704 541 1746 corrumpere
570 1692 709 1732 conati
742 1701 839 1731 sunt
867 1692 1058 1745 legentes
1085 1696 1263 1746 scripto.
1322 1690 1411 1731 Sed

127 1755 308 1799 frustra:
359 1772 455 1798 nam
503 1766 547 1798 et
597 1758 730 1800 Gellii
780 1757 949 1799 codices
990 1759 1076 1799 duo
1117 1757 1412 1808 Ambrosiani‚

131 1834 175 1864 et
211 1838 324 1866 nunc
353 1816 583 1865 Frontonis
626 1826 853 1866 auctoritas
888 1823 1412 1868 hoc.vocabulum'.latino

127 1893 311 1939 sermoni
342 1892 553 1934 adserunt.

186 1960 253 2012 (ι)
282 1961 414 1999 Multa
442 1959 614 1999 fuerunt
641 1973 773 2000 onera
802 1968 845 1999 et
861 1973 1076 2014 expensae
1098 1959 1413 2010 decurionatus,

131 2026 187 2065 ita
207 2035 253 2065 ut
265 2027 463 2081 plerique
486 2027 528 2065 id
543 2040 692 2065 munus
713 2025 959 2080 fugitarent.
993 2027 1120 2084 Quod
1137 2028 1237 2066 satis
1255 2036 1416 2068 constat

133 2106 185 2132 ex
209 2093 372 2146 legibus
389 2094 635 2148 Principum
655 2094 696 2132 in
720 2095 818 2134 Iure
839 2094 1065 2148 descriptis
1079 2125 1088 2142 ‚
1119 2094 1268 2148 quibus
1287 2094 1317 2134 ii
1340 2094 1415 2150 qui

133 2160 340 2214 ampliore
354 2174 483 2200 censu
504 2169 622 2200 erant
643 2161 840 2215 praediti,
857 2161 909 2201 ad
925 2161 1244 2201 decurionatum
1259 2162 1418 2202 obeun-

134 2226 234 2266 dum
262 2228 536 2282 cogebantur.
585 2229 784 2268 Annonas
812 2220 943 2268 etiam
967 2228 1192 2283 exigebant
1221 2228 1418 2268 decurio.

134 2307 233 2344 nes,
274 2303 330 2335 et.
344 2295 557 2349 publicam
588 2296 767 2337 civitatis
795 2297 1022 2349 pecuniam
1052 2294 1415 2336 administrabant.

192 2361 260 2414 (α)
290 2363 456 2416 Nempe
495 2365 670 2405 decreta
700 2364 852 2404 edidit.
910 2363 1204 2403 Decurionuxn
1241 2361 1419 2401 decreta

138 2427 380 2482 saepissime
423 2429 647 2470 laudantur
695 2428 740 2468 in
778 2429 958 2485 antiquis
1007 2430 1175 2483 scriptis
1238 2437 1281 2468 et
1331 2442 1419 2469 mo-

138 2494 359 2535 numentis.

196 2559 264 2612 (3)
294 2562 411 2600 Inter
440 2562 578 2601 munia
606 2562 898 2602 Decurionum
927 2562 1061 2602 fuisse
1088 2562 1320 2615 legationes
1350 2554 1421 2603 eir·

143 2625 354 2678 ploratum
363 2635 445 2668 est.
476 2628 587 2669 Vide
599 2629 760 2681 Digest.
775 2629 869 2668 Lib.
885 2631 951 2672 50.
976 2630 1062 2669 Tit.
1078 2644 1116 2671 7.
1139 2630 1244 2681 Leg.
1262 2637 1300 2678 4.
1320 2627 1367 2670 ff.
1385 2632 1422 2671 5.
