<?xml version="1.0" encoding="UTF-8"?>
<!DOCTYPE html PUBLIC "-//W3C//DTD XHTML 1.0 Transitional//EN"
    "http://www.w3.org/TR/xhtml1/DTD/xhtml1-transitional.dtd">
<html xmlns="http://www.w3.org/1999/xhtml" xml:lang="en" lang="en">
 <head>
  <title>
</title>
<meta http-equiv="Content-Type" content="text/html;charset=utf-8" />
  <meta name='ocr-system' content='tesseract 3.04.00' />
  <meta name='ocr-capabilities' content='ocr_page ocr_carea ocr_par ocr_line ocrx_word'/>
</head>
<body>
  <div class='ocr_page' id='page_1' title='image "./operaomnia02horauoft_0069.png"; bbox 0 0 1708 3028; ppageno 0'>
   <div class='ocr_carea' id='block_1_1' title="bbox 5 411 48 682">
    <p class='ocr_par' dir='ltr' id='par_1_1' title="bbox 5 411 48 682">
     <span class='ocr_line' id='line_1_1' title="bbox 5 411 48 520; baseline 0 -5"><span class='ocrx_word' id='word_1_1' title='bbox 5 411 48 520; x_wconf 55' lang='grc' dir='ltr'>ἃ</span> 
     </span>
     <span class='ocr_line' id='line_1_2' title="bbox 8 598 43 682; baseline 0 0"><span class='ocrx_word' id='word_1_2' title='bbox 8 598 43 682; x_wconf 61' lang='lat'>22</span> 
     </span>
    </p>
   </div>
   <div class='ocr_carea' id='block_1_2' title="bbox 587 282 1445 337">
    <p class='ocr_par' dir='ltr' id='par_1_2' title="bbox 587 282 1445 337">
     <span class='ocr_line' id='line_1_3' title="bbox 587 282 1445 337; baseline 0 -13"><span class='ocrx_word' id='word_1_3' title='bbox 587 282 1021 324; x_wconf 70' lang='lat' dir='ltr'><strong>TRANSMARIMS.</strong></span> <span class='ocrx_word' id='word_1_4' title='bbox 1122 304 1130 323; x_wconf 58' lang='lat'><em>1</em></span> <span class='ocrx_word' id='word_1_5' title='bbox 1364 293 1445 337; x_wconf 78' lang='lat'>277</span> 
     </span>
    </p>
   </div>
   <div class='ocr_carea' id='block_1_3' title="bbox 149 404 1440 1129">
    <p class='ocr_par' dir='ltr' id='par_1_3' title="bbox 149 404 1440 1129">
     <span class='ocr_line' id='line_1_4' title="bbox 159 404 1440 482; baseline -0.002 -18"><span class='ocrx_word' id='word_1_6' title='bbox 159 430 218 464; x_wconf 83' lang='lat' dir='ltr'>se</span> <span class='ocrx_word' id='word_1_7' title='bbox 252 404 670 482; x_wconf 70' lang='lat' dir='ltr'>suspicabitur?</span> <span class='ocrx_word' id='word_1_8' title='bbox 732 408 1043 482; x_wconf 83' lang='lat' dir='ltr'>postulavit</span> <span class='ocrx_word' id='word_1_9' title='bbox 1064 420 1122 465; x_wconf 86' lang='grc' dir='ltr'>(ι)</span> <span class='ocrx_word' id='word_1_10' title='bbox 1155 427 1230 461; x_wconf 86' lang='lat' dir='ltr'>ne</span> <span class='ocrx_word' id='word_1_11' title='bbox 1263 410 1440 481; x_wconf 85' lang='lat' dir='ltr'>patris</span> 
     </span>
     <span class='ocr_line' id='line_1_5' title="bbox 155 494 1439 573; baseline -0.002 -17"><span class='ocrx_word' id='word_1_12' title='bbox 155 500 382 556; x_wconf 88' lang='lat' dir='ltr'>tabulae</span> <span class='ocrx_word' id='word_1_13' title='bbox 421 501 764 573; x_wconf 84' lang='lat' dir='ltr'>aperiantur.</span> <span class='ocrx_word' id='word_1_14' title='bbox 843 498 1000 552; x_wconf 82' lang='lat' dir='ltr'>Idem</span> <span class='ocrx_word' id='word_1_15' title='bbox 1040 494 1158 550; x_wconf 87' lang='lat' dir='ltr'>filia</span> <span class='ocrx_word' id='word_1_16' title='bbox 1192 501 1439 571; x_wconf 87' lang='lat' dir='ltr'>postula-</span> 
     </span>
     <span class='ocr_line' id='line_1_6' title="bbox 154 589 1438 666; baseline -0.001 -19"><span class='ocrx_word' id='word_1_17' title='bbox 154 592 241 647; x_wconf 85' lang='lat' dir='ltr'>bit</span> <span class='ocrx_word' id='word_1_18' title='bbox 265 635 279 657; x_wconf 87' lang='lat'><strong>,</strong></span> <span class='ocrx_word' id='word_1_19' title='bbox 349 610 528 666; x_wconf 86' lang='lat' dir='ltr'>nepos</span> <span class='ocrx_word' id='word_1_20' title='bbox 553 635 566 656; x_wconf 90' lang='lat'><strong>‚</strong></span> <span class='ocrx_word' id='word_1_21' title='bbox 607 590 910 664; x_wconf 84' lang='lat' dir='ltr'>abnepos,</span> <span class='ocrx_word' id='word_1_22' title='bbox 974 589 1182 656; x_wconf 75' lang='lat' dir='ltr'>frater,</span> <span class='ocrx_word' id='word_1_23' title='bbox 1242 611 1438 646; x_wconf 86' lang='lat' dir='ltr'>conso·</span> 
     </span>
     <span class='ocr_line' id='line_1_7' title="bbox 151 685 1436 759; baseline 0 -20"><span class='ocrx_word' id='word_1_24' title='bbox 151 685 352 740; x_wconf 90' lang='lat' dir='ltr'>brinus</span> <span class='ocrx_word' id='word_1_25' title='bbox 377 728 390 751; x_wconf 92' lang='lat'><strong>‚</strong></span> <span class='ocrx_word' id='word_1_26' title='bbox 457 698 694 759; x_wconf 80' lang='lat' dir='ltr'>patruus</span> <span class='ocrx_word' id='word_1_27' title='bbox 716 727 730 748; x_wconf 88' lang='lat'><strong>‚</strong></span> <span class='ocrx_word' id='word_1_28' title='bbox 799 685 1112 738; x_wconf 82' lang='lat' dir='ltr'>avunculus</span> <span class='ocrx_word' id='word_1_29' title='bbox 1133 727 1148 749; x_wconf 90' lang='lat'>‚</span> <span class='ocrx_word' id='word_1_30' title='bbox 1229 686 1401 739; x_wconf 86' lang='lat' dir='ltr'>amita</span> <span class='ocrx_word' id='word_1_31' title='bbox 1422 726 1436 749; x_wconf 93' lang='lat'><strong><em>‚</em></strong></span> 
     </span>
     <span class='ocr_line' id='line_1_8' title="bbox 153 776 1439 841; baseline 0.002 -10"><span class='ocrx_word' id='word_1_32' title='bbox 153 791 480 841; x_wconf 83' lang='lat' dir='ltr'><strong>matertera,</strong></span> <span class='ocrx_word' id='word_1_33' title='bbox 534 778 724 837; x_wconf 79' lang='lat' dir='ltr'>omnia</span> <span class='ocrx_word' id='word_1_34' title='bbox 749 776 1235 833; x_wconf 80' lang='lat' dir='ltr'><strong>necessitudinum</strong></span> <span class='ocrx_word' id='word_1_35' title='bbox 1258 779 1439 834; x_wconf 82' lang='lat' dir='ltr'>nomi-</span> 
     </span>
     <span class='ocr_line' id='line_1_9' title="bbox 151 867 1437 944; baseline -0.002 -19"><span class='ocrx_word' id='word_1_36' title='bbox 151 891 228 925; x_wconf 85' lang='lat' dir='ltr'>na</span> <span class='ocrx_word' id='word_1_37' title='bbox 258 869 369 924; x_wconf 86' lang='lat' dir='ltr'>hoc</span> <span class='ocrx_word' id='word_1_38' title='bbox 401 870 762 944; x_wconf 78' lang='lat' dir='ltr'>privilegium</span> <span class='ocrx_word' id='word_1_39' title='bbox 786 867 1088 934; x_wconf 83' lang='lat' dir='ltr'><strong>invadent,</strong></span> <span class='ocrx_word' id='word_1_40' title='bbox 1129 882 1197 924; x_wconf 87' lang='lat' dir='ltr'>ut</span> <span class='ocrx_word' id='word_1_41' title='bbox 1215 868 1437 924; x_wconf 85' lang='lat' dir='ltr'>tabulas</span> 
     </span>
     <span class='ocr_line' id='line_1_10' title="bbox 149 948 1435 1036; baseline -0.002 -19"><span class='ocrx_word' id='word_1_42' title='bbox 149 963 359 1036; x_wconf 84' lang='lat' dir='ltr'>aperiri</span> <span class='ocrx_word' id='word_1_43' title='bbox 386 974 607 1026; x_wconf 87' lang='lat' dir='ltr'>vetent,</span> <span class='ocrx_word' id='word_1_44' title='bbox 649 964 766 1036; x_wconf 41' lang='lat' dir='ltr'>ipsi,</span> <span class='ocrx_word' id='word_1_45' title='bbox 787 948 1147 1036; x_wconf 65' lang='lat' dir='ltr'>possessione</span> <span class='ocrx_word' id='word_1_46' title='bbox 1174 964 1298 1030; x_wconf 81' lang='lat' dir='ltr'>iure</span> <span class='ocrx_word' id='word_1_47' title='bbox 1318 981 1435 1016; x_wconf 87' lang='lat' dir='ltr'>san-</span> 
     </span>
     <span class='ocr_line' id='line_1_11' title="bbox 150 1054 1435 1129; baseline -0.001 -20"><span class='ocrx_word' id='word_1_48' title='bbox 150 1057 332 1129; x_wconf 82' lang='lat' dir='ltr'>guinis</span> <span class='ocrx_word' id='word_1_49' title='bbox 363 1054 643 1110; x_wconf 84' lang='lat' dir='ltr'>fruantur.</span> <span class='ocrx_word' id='word_1_50' title='bbox 663 1055 878 1114; x_wconf 67' lang='lat' dir='ltr'>»Causa</span> <span class='ocrx_word' id='word_1_51' title='bbox 911 1055 1161 1129; x_wconf 88' lang='lat' dir='ltr'>denique</span> <span class='ocrx_word' id='word_1_52' title='bbox 1193 1057 1435 1109; x_wconf 82' lang='lat' dir='ltr'><strong>Romam</strong></span> 
     </span>
    </p>
   </div>
   <div class='ocr_carea' id='block_1_4' title="bbox 138 1144 1435 1223">
    <p class='ocr_par' dir='ltr' id='par_1_4' title="bbox 138 1144 1435 1223">
     <span class='ocr_line' id='line_1_12' title="bbox 138 1144 1435 1223; baseline -0.003 -19"><span class='ocrx_word' id='word_1_53' title='bbox 138 1151 385 1223; x_wconf 55' lang='lat' dir='ltr'>‘emissa2</span> <span class='ocrx_word' id='word_1_54' title='bbox 432 1148 568 1223; x_wconf 86' lang='lat' dir='ltr'>quid</span> <span class='ocrx_word' id='word_1_55' title='bbox 600 1144 886 1203; x_wconf 70' lang='lat' dir='ltr'>eveniet?</span> <span class='ocrx_word' id='word_1_56' title='bbox 949 1147 1199 1204; x_wconf 84' lang='lat' dir='ltr'>Heredes</span> <span class='ocrx_word' id='word_1_57' title='bbox 1241 1148 1435 1222; x_wconf 90' lang='lat' dir='ltr'>scripti</span> 
     </span>
    </p>
   </div>
   <div class='ocr_carea' id='block_1_5' title="bbox 145 1238 1437 1591">
    <p class='ocr_par' dir='ltr' id='par_1_5' title="bbox 145 1238 1437 1591">
     <span class='ocr_line' id='line_1_13' title="bbox 145 1238 1437 1316; baseline -0.002 -19"><span class='ocrx_word' id='word_1_58' title='bbox 145 1242 524 1316; x_wconf 83' lang='lat' dir='ltr'>navigabunt,</span> <span class='ocrx_word' id='word_1_59' title='bbox 587 1238 914 1300; x_wconf 76' lang='lat' dir='ltr'>exheredati</span> <span class='ocrx_word' id='word_1_60' title='bbox 961 1255 1153 1299; x_wconf 84' lang='lat' dir='ltr'>autem</span> <span class='ocrx_word' id='word_1_61' title='bbox 1199 1244 1261 1299; x_wconf 90' lang='lat' dir='ltr'>in</span> <span class='ocrx_word' id='word_1_62' title='bbox 1309 1260 1437 1314; x_wconf 86' lang='lat' dir='ltr'>pos-</span> 
     </span>
     <span class='ocr_line' id='line_1_14' title="bbox 147 1331 1435 1411; baseline -0.002 -24"><span class='ocrx_word' id='word_1_63' title='bbox 147 1336 394 1388; x_wconf 83' lang='lat' dir='ltr'>sessione</span> <span class='ocrx_word' id='word_1_64' title='bbox 434 1333 845 1397; x_wconf 86' lang='lat' dir='ltr'>remanebunt‚</span> <span class='ocrx_word' id='word_1_65' title='bbox 908 1333 1062 1387; x_wconf 87' lang='lat' dir='ltr'>diem</span> <span class='ocrx_word' id='word_1_66' title='bbox 1103 1333 1172 1387; x_wconf 92' lang='lat' dir='ltr'>de</span> <span class='ocrx_word' id='word_1_67' title='bbox 1213 1334 1305 1411; x_wconf 83' lang='lat' dir='ltr'>die</span> <span class='ocrx_word' id='word_1_68' title='bbox 1337 1331 1435 1386; x_wconf 87' lang='lat' dir='ltr'>du-</span> 
     </span>
     <span class='ocr_line' id='line_1_15' title="bbox 149 1423 1434 1498; baseline 0 -19"><span class='ocrx_word' id='word_1_69' title='bbox 149 1437 284 1480; x_wconf 88' lang='lat' dir='ltr'>cent</span> <span class='ocrx_word' id='word_1_70' title='bbox 341 1423 640 1479; x_wconf 78' lang='lat' dir='ltr'>dilationes</span> <span class='ocrx_word' id='word_1_71' title='bbox 696 1437 960 1498; x_wconf 89' lang='lat' dir='ltr'>petentes</span> <span class='ocrx_word' id='word_1_72' title='bbox 985 1467 998 1489; x_wconf 93' lang='lat'><strong><em>‚</em></strong></span> <span class='ocrx_word' id='word_1_73' title='bbox 1079 1423 1204 1479; x_wconf 80' lang='lat' dir='ltr'>fora</span> <span class='ocrx_word' id='word_1_74' title='bbox 1267 1426 1434 1479; x_wconf 84' lang='lat' dir='ltr'>variis</span> 
     </span>
     <span class='ocr_line' id='line_1_16' title="bbox 148 1515 1434 1591; baseline 0.001 -19"><span class='ocrx_word' id='word_1_75' title='bbox 148 1515 614 1572; x_wconf 82' lang='lat' dir='ltr'>excusationibus</span> <span class='ocrx_word' id='word_1_76' title='bbox 655 1515 884 1571; x_wconf 82' lang='lat' dir='ltr'>trahent</span> <span class='ocrx_word' id='word_1_77' title='bbox 959 1517 1193 1591; x_wconf 87' lang='lat' dir='ltr'>Hiemps</span> <span class='ocrx_word' id='word_1_78' title='bbox 1218 1532 1276 1579; x_wconf 65' lang='grc' dir='ltr'>(ω)</span> <span class='ocrx_word' id='word_1_79' title='bbox 1319 1532 1434 1582; x_wconf 90' lang='lat' dir='ltr'>est,</span> 
     </span>
    </p>
   </div>
   <div class='ocr_carea' id='block_1_6' title="bbox 73 1608 1434 1674">
    <p class='ocr_par' dir='ltr' id='par_1_6' title="bbox 73 1608 1434 1674">
     <span class='ocr_line' id='line_1_17' title="bbox 73 1608 1434 1674; baseline 0.001 -11"><span class='ocrx_word' id='word_1_80' title='bbox 73 1623 75 1625; x_wconf 82' lang='grc'><strong>’</strong></span> <span class='ocrx_word' id='word_1_81' title='bbox 147 1622 204 1664; x_wconf 87' lang='lat' dir='ltr'>et</span> <span class='ocrx_word' id='word_1_82' title='bbox 243 1609 485 1663; x_wconf 87' lang='lat' dir='ltr'>crudum</span> <span class='ocrx_word' id='word_1_83' title='bbox 523 1627 676 1663; x_wconf 83' lang='lat' dir='ltr'>mare</span> <span class='ocrx_word' id='word_1_84' title='bbox 715 1608 1020 1662; x_wconf 81' lang='lat' dir='ltr'>hibernum</span> <span class='ocrx_word' id='word_1_85' title='bbox 1062 1623 1174 1674; x_wconf 87' lang='lat' dir='ltr'>est,</span> <span class='ocrx_word' id='word_1_86' title='bbox 1242 1609 1434 1665; x_wconf 86' lang='lat' dir='ltr'>adesse</span> 
     </span>
    </p>
   </div>
   <div class='ocr_carea' id='block_1_7' title="bbox 144 1700 1434 2054">
    <p class='ocr_par' dir='ltr' id='par_1_7' title="bbox 144 1700 1434 2054">
     <span class='ocr_line' id='line_1_18' title="bbox 145 1700 1434 1778; baseline -0.001 -21"><span class='ocrx_word' id='word_1_87' title='bbox 145 1717 267 1757; x_wconf 86' lang='lat' dir='ltr'>non</span> <span class='ocrx_word' id='word_1_88' title='bbox 287 1704 497 1776; x_wconf 89' lang='lat' dir='ltr'>potuit.</span> <span class='ocrx_word' id='word_1_89' title='bbox 539 1701 659 1757; x_wconf 90' lang='lat' dir='ltr'>Ubi</span> <span class='ocrx_word' id='word_1_90' title='bbox 680 1700 898 1776; x_wconf 86' lang='lat' dir='ltr'>hiemps</span> <span class='ocrx_word' id='word_1_91' title='bbox 918 1705 1292 1778; x_wconf 83' lang='lat' dir='ltr'>praeterierit,</span> <span class='ocrx_word' id='word_1_92' title='bbox 1315 1722 1434 1756; x_wconf 85' lang='lat' dir='ltr'>ver-</span> 
     </span>
     <span class='ocr_line' id='line_1_19' title="bbox 145 1796 1432 1870; baseline -0.004 -17"><span class='ocrx_word' id='word_1_93' title='bbox 145 1815 255 1853; x_wconf 85' lang='lat' dir='ltr'>nae</span> <span class='ocrx_word' id='word_1_94' title='bbox 291 1809 656 1870; x_wconf 83' lang='lat' dir='ltr'>tempestates</span> <span class='ocrx_word' id='word_1_95' title='bbox 693 1797 945 1851; x_wconf 85' lang='lat' dir='ltr'>incertae</span> <span class='ocrx_word' id='word_1_96' title='bbox 988 1810 1045 1851; x_wconf 85' lang='lat' dir='ltr'>et</span> <span class='ocrx_word' id='word_1_97' title='bbox 1075 1796 1283 1852; x_wconf 89' lang='lat' dir='ltr'>dubiae</span> <span class='ocrx_word' id='word_1_98' title='bbox 1315 1813 1432 1849; x_wconf 90' lang='lat' dir='ltr'>mo-</span> 
     </span>
     <span class='ocr_line' id='line_1_20' title="bbox 144 1885 1434 1944; baseline 0.002 -4"><span class='ocrx_word' id='word_1_99' title='bbox 144 1901 297 1941; x_wconf 84' lang='lat' dir='ltr'>ratae</span> <span class='ocrx_word' id='word_1_100' title='bbox 325 1901 476 1943; x_wconf 87' lang='lat' dir='ltr'>sunt.</span> <span class='ocrx_word' id='word_1_101' title='bbox 523 1890 628 1942; x_wconf 89' lang='lat' dir='ltr'>Ver</span> <span class='ocrx_word' id='word_1_102' title='bbox 649 1901 917 1942; x_wconf 83' lang='lat' dir='ltr'>exactum</span> <span class='ocrx_word' id='word_1_103' title='bbox 948 1885 1076 1944; x_wconf 70' lang='lat' dir='ltr'>est?</span> <span class='ocrx_word' id='word_1_104' title='bbox 1122 1891 1313 1944; x_wconf 87' lang='lat' dir='ltr'>Aestas</span> <span class='ocrx_word' id='word_1_105' title='bbox 1349 1902 1434 1942; x_wconf 85' lang='lat' dir='ltr'>est</span> 
     </span>
     <span class='ocr_line' id='line_1_21' title="bbox 145 1979 1431 2054; baseline -0.002 -20"><span class='ocrx_word' id='word_1_106' title='bbox 145 1979 350 2046; x_wconf 86' lang='lat' dir='ltr'>calida,</span> <span class='ocrx_word' id='word_1_107' title='bbox 389 1993 446 2034; x_wconf 85' lang='lat' dir='ltr'>et</span> <span class='ocrx_word' id='word_1_108' title='bbox 475 1980 557 2034; x_wconf 86' lang='lat' dir='ltr'>sol</span> <span class='ocrx_word' id='word_1_109' title='bbox 594 1982 922 2054; x_wconf 83' lang='lat' dir='ltr'>navigantes</span> <span class='ocrx_word' id='word_1_110' title='bbox 958 1982 1098 2047; x_wconf 87' lang='lat' dir='ltr'>urit,</span> <span class='ocrx_word' id='word_1_111' title='bbox 1163 1995 1220 2035; x_wconf 89' lang='lat' dir='ltr'>et</span> <span class='ocrx_word' id='word_1_112' title='bbox 1255 1980 1431 2038; x_wconf 87' lang='lat' dir='ltr'>homo</span> 
     </span>
    </p>
   </div>
   <div class='ocr_carea' id='block_1_8' title="bbox 141 2260 1435 2386">
    <p class='ocr_par' dir='ltr' id='par_1_8' title="bbox 141 2260 1435 2386">
     <span class='ocr_line' id='line_1_22' title="bbox 196 2260 1435 2319; baseline -0.001 -17"><span class='ocrx_word' id='word_1_113' title='bbox 196 2262 263 2316; x_wconf 82' lang='grc' dir='ltr'>(ι)</span> <span class='ocrx_word' id='word_1_114' title='bbox 292 2263 355 2302; x_wconf 82' lang='lat' dir='ltr'>lta</span> <span class='ocrx_word' id='word_1_115' title='bbox 385 2260 489 2314; x_wconf 85' lang='lat' dir='ltr'>cod,</span> <span class='ocrx_word' id='word_1_116' title='bbox 515 2264 764 2317; x_wconf 72' lang='lat' dir='ltr'>postulavit</span> <span class='ocrx_word' id='word_1_117' title='bbox 791 2276 874 2319; x_wconf 83' lang='lat' dir='ltr'>pro</span> <span class='ocrx_word' id='word_1_118' title='bbox 900 2265 1166 2319; x_wconf 68' lang='lat' dir='ltr'>postulabit,</span> <span class='ocrx_word' id='word_1_119' title='bbox 1204 2272 1255 2304; x_wconf 86' lang='lat' dir='ltr'>ut</span> <span class='ocrx_word' id='word_1_120' title='bbox 1283 2260 1435 2319; x_wconf 86' lang='lat' dir='ltr'>scribi-</span> 
     </span>
     <span class='ocr_line' id='line_1_23' title="bbox 141 2329 512 2386; baseline 0.008 -17"><span class='ocrx_word' id='word_1_121' title='bbox 141 2336 213 2369; x_wconf 78' lang='lat' dir='ltr'>tur</span> <span class='ocrx_word' id='word_1_122' title='bbox 239 2329 369 2384; x_wconf 78' lang='lat' dir='ltr'>paulo</span> <span class='ocrx_word' id='word_1_123' title='bbox 397 2337 512 2386; x_wconf 78' lang='lat' dir='ltr'>post.</span> 
     </span>
    </p>
   </div>
   <div class='ocr_carea' id='block_1_9' title="bbox 142 2412 1438 2671">
    <p class='ocr_par' dir='ltr' id='par_1_9' title="bbox 142 2412 1438 2671">
     <span class='ocr_line' id='line_1_24' title="bbox 198 2412 1435 2472; baseline -0.001 -19"><span class='ocrx_word' id='word_1_124' title='bbox 198 2412 269 2468; x_wconf 67' lang='lat' dir='ltr'>(a)</span> <span class='ocrx_word' id='word_1_125' title='bbox 308 2415 419 2455; x_wconf 85' lang='lat' dir='ltr'>Nota</span> <span class='ocrx_word' id='word_1_126' title='bbox 460 2415 714 2469; x_wconf 84' lang='lat' dir='ltr'>scripturam</span> <span class='ocrx_word' id='word_1_127' title='bbox 752 2415 824 2459; x_wconf 78' lang='grc' dir='ltr'>τοῦ</span> <span class='ocrx_word' id='word_1_128' title='bbox 876 2417 1039 2470; x_wconf 79' lang='lat' dir='ltr'>hiemps</span> <span class='ocrx_word' id='word_1_129' title='bbox 1089 2414 1167 2472; x_wconf 78' lang='lat' dir='ltr'>hie</span> <span class='ocrx_word' id='word_1_130' title='bbox 1214 2422 1258 2454; x_wconf 85' lang='lat' dir='ltr'>et</span> <span class='ocrx_word' id='word_1_131' title='bbox 1308 2412 1435 2467; x_wconf 75' lang='lat' dir='ltr'>paulo</span> 
     </span>
     <span class='ocr_line' id='line_1_25' title="bbox 142 2479 1435 2536; baseline 0.002 -17"><span class='ocrx_word' id='word_1_132' title='bbox 142 2487 240 2533; x_wconf 79' lang='lat' dir='ltr'>post</span> <span class='ocrx_word' id='word_1_133' title='bbox 251 2509 269 2530; x_wconf 57' lang='lat'>‚‚</span> <span class='ocrx_word' id='word_1_134' title='bbox 289 2480 428 2535; x_wconf 83' lang='lat' dir='ltr'>qualis</span> <span class='ocrx_word' id='word_1_135' title='bbox 457 2489 594 2523; x_wconf 83' lang='lat' dir='ltr'>exstat</span> <span class='ocrx_word' id='word_1_136' title='bbox 622 2482 750 2522; x_wconf 81' lang='lat' dir='ltr'>etiam</span> <span class='ocrx_word' id='word_1_137' title='bbox 781 2481 892 2536; x_wconf 85' lang='lat' dir='ltr'>apud</span> <span class='ocrx_word' id='word_1_138' title='bbox 921 2482 1158 2523; x_wconf 82' lang='lat' dir='ltr'>Gruterum</span> <span class='ocrx_word' id='word_1_139' title='bbox 1188 2479 1435 2524; x_wconf 57' lang='lat' dir='ltr'>emunda</span> 
     </span>
     <span class='ocr_line' id='line_1_26' title="bbox 142 2543 1438 2607; baseline 0.007 -23"><span class='ocrx_word' id='word_1_140' title='bbox 142 2543 383 2599; x_wconf 75' lang='lat' dir='ltr'>fragmento</span> <span class='ocrx_word' id='word_1_141' title='bbox 431 2547 707 2589; x_wconf 78' lang='lat' dir='ltr'>Ralendarii:</span> <span class='ocrx_word' id='word_1_142' title='bbox 778 2548 987 2607; x_wconf 83' lang='lat' dir='ltr'>quidquid</span> <span class='ocrx_word' id='word_1_143' title='bbox 1046 2557 1196 2590; x_wconf 83' lang='lat' dir='ltr'>contra</span> <span class='ocrx_word' id='word_1_144' title='bbox 1251 2548 1438 2597; x_wconf 61' lang='lat' dir='ltr'>Sem</span> 
     </span>
     <span class='ocr_line' id='line_1_27' title="bbox 147 2609 1433 2671; baseline 0.011 -20"><span class='ocrx_word' id='word_1_145' title='bbox 147 2609 261 2653; x_wconf 79' lang='lat' dir='ltr'>dicat</span> <span class='ocrx_word' id='word_1_146' title='bbox 286 2611 331 2653; x_wconf 86' lang='lat' dir='ltr'>in</span> <span class='ocrx_word' id='word_1_147' title='bbox 357 2614 558 2663; x_wconf 81' lang='lat' dir='ltr'>Putschio</span> <span class='ocrx_word' id='word_1_148' title='bbox 585 2630 627 2671; x_wconf 87' lang='lat' dir='ltr'>p.</span> <span class='ocrx_word' id='word_1_149' title='bbox 659 2615 783 2658; x_wconf 78' lang='lat'><strong>2256.</strong></span> <span class='ocrx_word' id='word_1_150' title='bbox 1391 2623 1433 2644; x_wconf 37' lang='grc' dir='ltr'>’Ψ</span> 
     </span>
    </p>
   </div>
  </div>
 </body>
</html>
