1708 3028
279 229 359 272 236
661 231 737 270 DE
755 230 1146 273 ‘ORATIONIBUS

280 370 423 422 quae
459 352 686 405 nonnisi
705 352 887 406 verbis
919 355 1005 425 agi
1031 348 1310 424 possunt?
1348 354 1527 415 Erras,

279 442 323 492 si
357 453 519 511 putas
550 444 667 512 pari
697 445 1023 496 auctoritate
1060 445 1120 494 in
1165 454 1361 495 senatu
1407 441 1528 495 fore

281 527 566 583 Thersitae
580 530 759 584 verbis
779 545 1165 604 expromptam
1179 533 1542 594 s‘ententizum‘

279 633 335 672 et
355 620 592 672 Menelai
621 635 718 674 aut
739 624 893 676 Ulixi
915 625 1250 676 orationem:
1290 640 1530 693 quorum

276 709 551 763 Homerus
601 725 656 764 et
704 713 886 766 voltus
936 715 995 766 in
1047 712 1285 785 agend0‚
1346 723 1401 764 et
1436 710 1530 764 ha·

279 799 426 853 bitus
459 815 515 854 et
542 813 743 865 statUS,
805 816 860 856 et
901 801 1406 875 voces-(CaJnoraffi
1466 821 1531 854 ac

275 889 722 944 modulationum
735 894 1084 964 eloquentiae
1099 912 1302 963 genera
1322 892 1532 945 diversa

278 977 623 1038 deser-ibium.
664 983 797 1034 Non
815 981 1051 1066 denique
1092 1022 1104 1034 .
1149 1024 1160 1035 .
1314 1022 1326 1034 .
1369 980 1531 1054 Quis-

277 1078 445 1141 quam
495 1072 674 1123 vereri
732 1084 918 1142 potest
975 1090 1140 1142 quem
1197 1070 1537 1124 inridentius

278 1179 446 1229 quam
487 1158 765 1212 dictorum
813 1159 954 1232 (eius
998 1157 1366 1231 causahaud)
1403 1178 1531 1212 con-

276 1247 617 1320 tempserit*
643 1245 674 1301 ‘2
717 1290 728 1301 .
772 1281 804 1301 .·
829 1289 839 1300 .
881 1250 1060 1300 Nemo
1097 1262 1255 1302 tanta
1297 1250 1529 1302 auctori-

276 1349 391 1391 tate
426 1353 534 1400 est,
575 1339 671 1408 qui
704 1355 848 1399 non,
887 1336 986 1391 ubi
1019 1339 1220 1409 peritia
1243 1335 1527 1402 deficitur,
1580 1356 1587 1369 ¹

275 1428 344 1480 ab
388 1447 453 1480 eo
493 1427 596 1499 'qui
636 1428 867 1499 peritior
909 1441 989 1481 est
1024 1426 1359 1500 despiciatur
1401 1469 1414 1480 .
1457 1469 1469 1481 .
1513 1469 1527 1482 .

277 1517 409 1570 Tibi
441 1530 598 1570 tanta
626 1518 941 1588 eloquentia
982 1530 1088 1580 est,
1149 1537 1290 1588 quae
1318 1518 1387 1571 ad
1415 1519 1530 1570 lau-

277 1607 406 1660 dem
438 1608 606 1660 etiam
646 1608 886 1678 supersit
924 1646 937 1658 .
979 1639 1006 1658 .·
1035 1647 1047 1658 .
1092 1647 1103 1658 .
1143 1608 1327 1660 Etiam
1355 1609 1529 1660 Viria-
1592 1641 1597 1643 -

274 1698 406 1752 thus
442 1699 608 1751 etiam
642 1698 936 1769 Spartacus
957 1711 1015 1754 (2)
1052 1696 1184 1750 belli
1216 1701 1448 1751 scientes
1471 1710 1528 1750 et

276 1809 448 1841 manu
470 1789 721 1861 prompti
735 1787 980 1840 fuerunt.
1020 1786 1130 1841 Sed
1151 1789 1316 1840 etiam
1334 1805 1528 1841 omnes

1090 1941 1436 1974 ...Ὗ-..-

1260 1962 1291 1987 ἵε»

405 1999 429 2020 *
459 1998 523 2044 In
557 1999 816 2058 margine:
855 2002 960 2057 Quae
995 1990 1381 2045 res‘auctorit'atem

483 2084 720 2142 Principum
752 2084 928 2128 minuat,

280 2177 1536 2202 ——-—-—-—————————-———-—-——

331 2284 394 2337 (1)
428 2246 544 2324 Iffad.
575 2299 616 2338 γ.
651 2295 742 2321 212.
777 2290 818 2327 et
849 2294 964 2334 seqq.

327 2367 391 2420 (2)
420 2364 634 2409 Viriathus
661 2374 702 2403 et
726 2365 949 2415 Spartacus
973 2362 1045 2401 ille
1071 2375 1093 2400 e
1122 2370 1287 2414 pastore
1309 2361 1528 2410 Lusitano,

276 2432 347 2472 hic
389 2445 411 2471 e
452 2431 679 2485 gladiatore
719 2429 898 2468 Thracio
938 2428 1065 2466 duces
1117 2427 1371 2466 exercituum
1406 2425 1528 2473 facti,

278 2498 402 2538 armis
444 2496 590 2551 utique
626 2495 700 2537 sed
737 2508 820 2534 non
859 2493 1093 2548 eloquentia
1120 2493 1261 2534 valere
1289 2499 1526 2546 potuerunt.

413 2553 447 2583 s
