1708 3028
398 249 491 293 338·
841 246 1210 288 PRINCIPIA

403 369 714 423 Alexandri.
746 371 972 439 comites
1010 367 1413 442 familiaresque
1458 385 1652 426 tenue-

406 473 555 523 runt,
593 458 971 531 praefecturae
990 460 1177 529 magiS‚
1219 479 1385 531 quam
1405 462 1655 534 imperia,

406 548 766 622 appellandae
798 590 810 601 .
846 591 858 602 .
895 590 905 602 .
944 590 955 600 .
988 550 1212 602 Nemini
1245 558 1479 622 usquam
1502 554 1656 624 oppi-

404 640 554 702 dum,
595 658 780 709 neque
802 650 1009 690 tectum
1031 631 1330 702 diutinum,
1365 648 1462 693 aut
1484 639 1657 693 limen

403 732 800 782 inveteratum:
859 727 1168 781 libertatem
1217 731 1409 801 inopia
1449 731 1656 793 sortiti,

406 820 535 889 quia
588 820 827 888 inopem*
863 815 1152 888 subigendi
1199 819 1395 871 sterilis
1444 817 1658 872 fructus

407 907 607 961 laboris
638 908 853 978 capitur
874 947 884 958 .
910 895 926 958 ‚⁵
949 948 960 959 .
986 948 996 959 .
1019 908 1152 979 Vagi
1182 907 1461 980 palantes,
1500 909 1655 962 nullo

405 998 617 1050 itineris
658 995 926 1047 destinato
969 994 1113 1070 fine,
1178 1016 1292 1049 non
1335 997 1402 1050 ad
1440 999 1656 1062 locum,

408 1087 505 1142 sed
539 1085 609 1139 ad
646 1104 941 1157 vesperum
974 1085 1327 1140 contenditur
1356 1127 1368 1140 .
1497 1129 1510 1141 .
1545 1091 1654 1143 De-

407 1176 749 1250 ceptionibus
789 1175 965 1227 clades
1004 1175 1326 1240 ediderunt,
1378 1177 1658 1250 latrpnum

405 1269 592 1341 potius
618 1285 783 1337 quam
800 1265 1055 1319 ,hostium
1079 1285 1309 1319 numero
1341 1258 1500 1320 duco,
1541 1268 1657 1322 Soli

405 1358 696 1410 hominum
738 1354 924 1408 Parthi
964 1354 1220 1409 adversus
1257 1350 1533 1428 populum
1569 1376 1657 1410 ro-

403 1466 634 1500 manum
684 1444 881 1497 hostile
930 1464 1138 1498 nomen
1187 1445 1337 1498 haud
1387 1466 1655 1519 umquam

406 1534 881 1590 contemnendum
922 1525 1222 1604 gesserunt.
1295 1536 1359 1589 Id
1398 1539 1526 1590 satis
1566 1537 1655 1591 de-

405 1637 680 1681 monstrat
717 1643 832 1677 non
875 1626 1054 1689 Crassi
1093 1626 1261 1693 modo
1300 1626 1478 1699 clades
1497 1639 1556 1686 (ι)
1599 1639 1658 1681 et

406 1720 622 1772 Antoni
654 1717 816 1769 foeda
845 1715 972 1787 fuga
1002 1731 1058 1773 (2)
1080 1759 1093 1778 ‚
1151 1717 1245 1790 sed
1281 1716 1653 1772 etiamfortis-

405 1811 530 1863 simi
550 1809 896 1879 Imperatoris
914 1809 1140 1860 Traiani
1162 1807 1334 1860 ductu
1349 1800 1586 1879 Legatus
1596 1821 1654 1867 (3)

407 1919 533 1953 cum
583 1899 828 1950 exercitu
879 1912 1067 1950 caesus
1090 1938 1103 1961 ,
1166 1910 1222 1968 et
1267 1898 1537 1970 Principis
1585 1897 1653 1951 ad

616 2122 622 2128 ,
639 2122 651 2128 ,,
690 2117 1602 2130 ..μ-*Ἀψη-ω-ο-Ἣ-ο-Μ-Ψ
1604 2121 1649 2129 —0

404 2327 406 2329 ‚
457 2283 525 2335 (ι)
554 2281 798 2321 Plutarchus
826 2282 867 2319 in
901 2280 1064 2322 Crasso.

457 2367 520 2420 (2)
549 2367 665 2406 Idem
692 2367 734 2405 in
766 2369 962 2407 Antonio.

395 2433 399 2439 ι
455 2454 522 2507 (3)
551 2456 658 2494 Puto
688 2457 949 2500 Maximum,
1003 2452 1056 2491 de
1063 2465 1165 2506 quo
1197 2451 1284 2491 dixi
1312 2453 1364 2492 ad
1391 2453 1647 2524 Opusculum

400 2521 452 2561 de
479 2521 600 2560 Bello
631 2520 836 2560 Parthico
864 2531 906 2570 p.
939 2519 1033 2559 321
1062 2531 1103 2558 n.
1132 2531 1170 2560 α,
