1664 3074
534 269 994 317 VOCABULORUM.
1200 317 1205 326 ¹
1242 290 1253 307 ι
1327 277 1412 324 479
1453 264 1459 278 ’

185 362 495 406 Necessitatem
528 371 572 403 et
599 360 970 403 necessitudinem.
1026 357 1315 400 Necessitudo
1344 360 1418 417 vjel

115 422 339 495 gesnguinis
370 437 440 478 vel
470 436 719 476 meritorum
763 448 860 475 cum
896 432 1277 486 praeceptoribus,
1322 446 1419 473 cum

94 502 288 562 ¹«amicis.
344 509 590 552 Necessitas
627 505 901 547 immutabilis
948 518 1018 544 res
1069 513 1163 559 est,
1209 513 1255 544 ut
1304 505 1418 545 mori

31 570 398 686 'necessitatis
429 590 504 622 est.

13 672 21 684 ›
50 644 58 658 ““
120 683 127 691 .
189 654 344 694 Serum
363 662 406 694 et
423 667 534 695 sero.
564 653 719 692 Serum
740 650 792 691 ad
821 650 1038 705 negotium
1060 650 1270 704 pertinet.
1305 651 1416 691 Sero

132 725 191 772 ad.
215 735 402 780 tempus·-
421 760 426 777 2
453 718 463 726 ’

193 798 336 839 Decus
364 807 409 838 et
437 797 628 852 gloriam.
683 796 832 836 Decus
873 804 940 836 est
981 796 1310 835 instrumentum
1349 809 1420 835 cu-

127 870 298 925 iusque.
331 871 482 938 Gloria
510 868 629 924 quasi
659 868 836 909 honoris
870 882 1049 907 merces.

187 943 414 983 Honorem
432 952 477 982 et
486 941 671 981 laudem.
703 942 858 982 Honor
878 940 1094 994 dignitatis
1114 940 1422 981 consummatio

132 1014 205 1059 vel
232 1014 455 1070 privatim,
495 1014 564 1055 vel
599 1014 786 1068 publice.
855 1015 966 1054 Laus
996 1013 1184 1054 secunda
1213 1015 1421 1055 existima-

132 1087 194 1128 tio
219 1095 343 1128 recte
373 1085 598 1127 factorum.
698 1138 707 1147 .

153 1203 157 1206 ,
189 1158 418 1202 Familiare
451 1168 496 1200 et
524 1158 827 1200 Familiarium.
869 1159 1098 1199 Familiare
1127 1158 1180 1198 ad
1208 1159 1424 1200 dominum

135 1245 222 1273 non
250 1232 466 1283 refertur,
510 1246 605 1272 cum
636 1232 760 1271 amici
797 1230 1030 1272 familiares
1072 1233 1167 1272 sint.
1227 1233 1426 1272 Familia-

135 1309 271 1355 rium,
301 1306 419 1359 quod
448 1318 576 1344 servo
607 1305 825 1357 competit,
855 1314 903 1344 ut
932 1318 1092 1358 sagum,
1129 1304 1328 1359 gladium.

197 1376 469 1419 Offeetorem
501 1384 543 1415 et
573 1374 841 1418 infectorem.
901 1375 1089 1418 Infector
1114 1378 1307 1418 colorem
1335 1391 1428 1418 mu-

135 1458 210 1493 tat.
242 1448 443 1490 Offector
473 1447 617 1488 officio
651 1449 790 1489 obest.

195 1524 373 1564 Certum
402 1532 447 1563 et
475 1537 638 1563 verum.
674 1523 850 1562 Certum
877 1521 1035 1575 recipit
1067 1522 1429 1576 praepositionem

139 1604 185 1637 et
213 1595 262 1636 fit
291 1597 523 1636 Incertum.
595 1595 772 1635 Certum
816 1595 887 1634 vel
928 1594 1095 1648 pondus
1136 1595 1206 1635 vel
1233 1594 1301 1634 rei
1330 1609 1428 1649 pre-

141 1668 260 1709 tium.
319 1668 482 1711 Verum
514 1667 744 1720 opponitur
774 1667 914 1705 Falso.

151 1781 155 1784 ,
197 1740 400 1794 Figuram
429 1748 472 1779 et
496 1738 689 1779 formam.
723 1739 881 1792 Figura
899 1739 1004 1778 artis
1031 1747 1095 1778 est
1124 1753 1242 1793 opus·
1272 1734 1430 1780 Forma

139 1816 319 1854 naturae
349 1812 506 1852 bonum
525 1841 536 1861 ‚
563 1810 676 1850 unde
711 1810 836 1850 etiam
868 1812 1103 1850 Formosus
1135 1811 1306 1852 dicitur,
1369 1858 1394 1867 ..

196 1884 475 1940 Ignominiam
523 1891 567 1924 et
617 1882 844 1927 infamiam,
917 1883 1151 1936 Ignominia
1196 1884 1431 1938 imponitur

143 1957 196 1999 ab
227 1970 310 2008 eo,
353 1956 427 2012 qui
455 1964 598 2011 potest
627 1954 994 1996 animadversione
1021 1964 1185 1998 notare.
1256 1957 1452 1997 Infamia'

145 2044 198 2073 ex
227 2029 460 2069 multorum
490 2041 691 2068 sermone
719 2028 920 2068 nascitur.
1118 2078 1119 2081 Ἴ

198 2101 370 2146 Nullum
393 2101 679 2140 etneminem.
732 2100 883 2140 Nullus
912 2107 978 2140 est
1001 2109 1085 2140 tam
1107 2101 1149 2139 in
1171 2114 1220 2140 re
1242 2114 1367 2155 quam
1387 2092 1458 2140 it.

142 2187 341 2231 persona.
372 2174 511 2213 Nemo
527 2172 570 2212 in
587 2186 774 2227 persona
793 2171 967 2220 dicitur,
995 2172 1040 2211 id
1060 2181 1126 2212 est
1151 2187 1277 2213 nemo
1290 2174 1430 2216 homo.

201 2248 362 2289 Iratum
387 2253 434 2285 et
462 2244 722 2288 iracundum.
761 2246 899 2285 Iratus
930 2259 981 2285 ex
1013 2244 1176 2285 offensa
1207 2254 1286 2285 est.
1347 2248 1433 2286 Ira-

141 2318 309 2368 cundus
337 2326 502 2358 natura.

205 2390 450 2431 Periculum
471 2397 516 2430 et
539 2389 790 2443 perniciem.
830 2389 1080 2430 Periculum
1096 2398 1244 2430 contra
1265 2403 1432 2432 necem.

152 2462 347 2503 'rimetur
373 2462 596 2504 Pernicies
628 2462 666 2500 ³¹³.

199 2653 218 2670 '‘
254 2656 305 2686 Ita
328 2656 467 2686 Veneta.
524 2656 568 2686 At
590 2655 767 2688 Putschius
790 2655 906 2688 locum
930 2654 1088 2687 mutilum
1114 2661 1228 2697 putat:
1253 2660 1435 2690 Periculum

154 2719 265 2744 eontra
283 2722 387 2742 necem
404 2711 542 2742 timetur.
577 2714 739 2742 Pernicies
757 2733 907 2742 ......
