<?xml version="1.0" encoding="UTF-8"?>
<!DOCTYPE html PUBLIC "-//W3C//DTD XHTML 1.0 Transitional//EN"
    "http://www.w3.org/TR/xhtml1/DTD/xhtml1-transitional.dtd">
<html xmlns="http://www.w3.org/1999/xhtml" xml:lang="en" lang="en">
 <head>
  <title>
</title>
<meta http-equiv="Content-Type" content="text/html;charset=utf-8" />
  <meta name='ocr-system' content='tesseract 3.04.00' />
  <meta name='ocr-capabilities' content='ocr_page ocr_carea ocr_par ocr_line ocrx_word'/>
</head>
<body>
  <div class='ocr_page' id='page_1' title='image "./operaomnia02horauoft_0099.png"; bbox 0 0 1708 3028; ppageno 0'>
   <div class='ocr_carea' id='block_1_1' title="bbox 608 286 1371 341">
    <p class='ocr_par' dir='ltr' id='par_1_1' title="bbox 608 286 1371 341">
     <span class='ocr_line' id='line_1_1' title="bbox 608 286 1371 341; baseline 0.008 -14"><span class='ocrx_word' id='word_1_1' title='bbox 608 286 850 330; x_wconf 72' lang='lat' dir='ltr'>SERENO.</span> <span class='ocrx_word' id='word_1_2' title='bbox 1287 290 1371 341; x_wconf 78' lang='lat'>3⁰7</span> 
     </span>
    </p>
   </div>
   <div class='ocr_carea' id='block_1_2' title="bbox 77 407 1399 1401">
    <p class='ocr_par' dir='ltr' id='par_1_2' title="bbox 77 407 1399 1401">
     <span class='ocr_line' id='line_1_2' title="bbox 87 407 1371 490; baseline -0.005 -18"><span class='ocrx_word' id='word_1_3' title='bbox 87 433 303 490; x_wconf 85' lang='lat' dir='ltr'>egresso</span> <span class='ocrx_word' id='word_1_4' title='bbox 325 415 605 485; x_wconf 82' lang='lat' dir='ltr'>insignem</span> <span class='ocrx_word' id='word_1_5' title='bbox 626 413 908 466; x_wconf 85' lang='lat' dir='ltr'>maculam</span> <span class='ocrx_word' id='word_1_6' title='bbox 927 407 1133 483; x_wconf 82' lang='lat' dir='ltr'>infligis</span> <span class='ocrx_word' id='word_1_7' title='bbox 1150 453 1164 476; x_wconf 92' lang='lat'>‚</span> <span class='ocrx_word' id='word_1_8' title='bbox 1191 432 1371 484; x_wconf 88' lang='lat' dir='ltr'>quan-</span> 
     </span>
     <span class='ocr_line' id='line_1_3' title="bbox 82 500 1369 579; baseline -0.004 -16"><span class='ocrx_word' id='word_1_9' title='bbox 82 506 176 572; x_wconf 83' lang='lat' dir='ltr'>do,</span> <span class='ocrx_word' id='word_1_10' title='bbox 198 526 298 562; x_wconf 91' lang='lat' dir='ltr'>oro</span> <span class='ocrx_word' id='word_1_11' title='bbox 321 520 395 576; x_wconf 82' lang='lat' dir='ltr'>te,</span> <span class='ocrx_word' id='word_1_12' title='bbox 420 500 802 560; x_wconf 72' lang='lat' dir='ltr'>abolendam?</span> <span class='ocrx_word' id='word_1_13' title='bbox 831 503 1191 579; x_wconf 77' lang='lat' dir='ltr'><strong>Quantulum</strong></span> <span class='ocrx_word' id='word_1_14' title='bbox 1214 507 1369 558; x_wconf 89' lang='lat' dir='ltr'>enim</span> 
     </span>
     <span class='ocr_line' id='line_1_4' title="bbox 81 595 1369 672; baseline -0.006 -14"><span class='ocrx_word' id='word_1_15' title='bbox 81 601 234 658; x_wconf 60' lang='lat' dir='ltr'>vitae</span> <span class='ocrx_word' id='word_1_16' title='bbox 272 600 516 672; x_wconf 80' lang='lat' dir='ltr'><strong>reliqum</strong></span> <span class='ocrx_word' id='word_1_17' title='bbox 538 611 594 657; x_wconf 80' lang='grc' dir='ltr'>(ι)</span> <span class='ocrx_word' id='word_1_18' title='bbox 637 610 723 653; x_wconf 88' lang='lat' dir='ltr'>est</span> <span class='ocrx_word' id='word_1_19' title='bbox 761 595 831 649; x_wconf 88' lang='lat' dir='ltr'>ad</span> <span class='ocrx_word' id='word_1_20' title='bbox 875 596 1196 651; x_wconf 83' lang='lat' dir='ltr'><strong>exuendam</strong></span> <span class='ocrx_word' id='word_1_21' title='bbox 1229 597 1369 651; x_wconf 86' lang='lat' dir='ltr'>infa-</span> 
     </span>
     <span class='ocr_line' id='line_1_5' title="bbox 81 688 1399 764; baseline -0.003 -17"><span class='ocrx_word' id='word_1_22' title='bbox 81 694 257 751; x_wconf 81' lang='lat' dir='ltr'>miam</span> <span class='ocrx_word' id='word_1_23' title='bbox 277 734 293 757; x_wconf 91' lang='lat'>‚</span> <span class='ocrx_word' id='word_1_24' title='bbox 353 705 411 748; x_wconf 89' lang='lat' dir='ltr'>et</span> <span class='ocrx_word' id='word_1_25' title='bbox 436 693 738 764; x_wconf 79' lang='lat' dir='ltr'>pristinam</span> <span class='ocrx_word' id='word_1_26' title='bbox 772 688 1109 762; x_wconf 84' lang='lat' dir='ltr'>dignitatem</span> <span class='ocrx_word' id='word_1_27' title='bbox 1139 695 1399 763; x_wconf 54' lang='grc' dir='ltr'>τεπειψε-Χ</span> 
     </span>
     <span class='ocr_line' id='line_1_6' title="bbox 81 780 1371 858; baseline -0.005 -17"><span class='ocrx_word' id='word_1_28' title='bbox 81 780 363 841; x_wconf 69' lang='lat' dir='ltr'>randam?</span> <span class='ocrx_word' id='word_1_29' title='bbox 380 825 392 838; x_wconf 91' lang='lat'><strong>.</strong></span> <span class='ocrx_word' id='word_1_30' title='bbox 407 825 422 838; x_wconf 90' lang='lat'><strong>.</strong></span> <span class='ocrx_word' id='word_1_31' title='bbox 437 825 450 838; x_wconf 94' lang='lat'><strong>.</strong></span> <span class='ocrx_word' id='word_1_32' title='bbox 469 782 644 858; x_wconf 82' lang='lat' dir='ltr'>Quod</span> <span class='ocrx_word' id='word_1_33' title='bbox 665 802 851 848; x_wconf 79' lang='lat' dir='ltr'>vocaS,</span> <span class='ocrx_word' id='word_1_34' title='bbox 879 785 1132 848; x_wconf 82' lang='lat' dir='ltr'>interim,</span> <span class='ocrx_word' id='word_1_35' title='bbox 1168 783 1371 856; x_wconf 84' lang='lat' dir='ltr'>quanti</span> 
     </span>
     <span class='ocr_line' id='line_1_7' title="bbox 80 871 1369 953; baseline -0.002 -20"><span class='ocrx_word' id='word_1_36' title='bbox 80 876 335 951; x_wconf 82' lang='lat' dir='ltr'>sperabit</span> <span class='ocrx_word' id='word_1_37' title='bbox 345 871 377 931; x_wconf 64' lang='grc' dir='ltr'>ἶ)</span> <span class='ocrx_word' id='word_1_38' title='bbox 403 876 464 931; x_wconf 89' lang='lat' dir='ltr'>Si</span> <span class='ocrx_word' id='word_1_39' title='bbox 474 877 754 950; x_wconf 82' lang='lat' dir='ltr'>tantisper</span> <span class='ocrx_word' id='word_1_40' title='bbox 770 874 1062 948; x_wconf 80' lang='lat' dir='ltr'>(dedisset)</span> <span class='ocrx_word' id='word_1_41' title='bbox 1077 875 1369 953; x_wconf 86' lang='lat' dir='ltr'>paulisper</span> 
     </span>
     <span class='ocr_line' id='line_1_8' title="bbox 77 965 1368 1043; baseline -0.002 -19"><span class='ocrx_word' id='word_1_42' title='bbox 77 966 347 1043; x_wconf 70' lang='lat' dir='ltr'>sperabit.</span> <span class='ocrx_word' id='word_1_43' title='bbox 376 966 518 1042; x_wconf 77' lang='lat' dir='ltr'>Quis</span> <span class='ocrx_word' id='word_1_44' title='bbox 536 969 708 1039; x_wconf 81' lang='lat' dir='ltr'>segeti</span> <span class='ocrx_word' id='word_1_45' title='bbox 724 965 974 1022; x_wconf 86' lang='lat' dir='ltr'>torridae</span> <span class='ocrx_word' id='word_1_46' title='bbox 988 986 1227 1023; x_wconf 86' lang='lat' dir='ltr'>messem</span> <span class='ocrx_word' id='word_1_47' title='bbox 1239 987 1368 1042; x_wconf 89' lang='lat' dir='ltr'>pro·</span> 
     </span>
     <span class='ocr_line' id='line_1_9' title="bbox 79 1054 1370 1134; baseline -0.002 -17"><span class='ocrx_word' id='word_1_48' title='bbox 79 1054 395 1117; x_wconf 71' lang='lat' dir='ltr'>crastinat?</span> <span class='ocrx_word' id='word_1_49' title='bbox 438 1059 580 1134; x_wconf 80' lang='lat' dir='ltr'>Quis</span> <span class='ocrx_word' id='word_1_50' title='bbox 612 1059 959 1114; x_wconf 80' lang='lat' dir='ltr'>vindemiam</span> <span class='ocrx_word' id='word_1_51' title='bbox 989 1073 1270 1115; x_wconf 81' lang='lat' dir='ltr'>maturam</span> <span class='ocrx_word' id='word_1_52' title='bbox 1304 1080 1370 1114; x_wconf 88' lang='lat' dir='ltr'>ac</span> 
     </span>
     <span class='ocr_line' id='line_1_10' title="bbox 81 1147 1371 1226; baseline -0.002 -18"><span class='ocrx_word' id='word_1_53' title='bbox 81 1150 447 1208; x_wconf 75' lang='lat' dir='ltr'>distillantem</span> <span class='ocrx_word' id='word_1_54' title='bbox 487 1147 735 1208; x_wconf 71' lang='lat' dir='ltr'>differt?</span> <span class='ocrx_word' id='word_1_55' title='bbox 795 1151 938 1226; x_wconf 78' lang='lat' dir='ltr'>Quis</span> <span class='ocrx_word' id='word_1_56' title='bbox 978 1165 1207 1225; x_wconf 89' lang='lat' dir='ltr'>tempus</span> <span class='ocrx_word' id='word_1_57' title='bbox 1245 1172 1371 1226; x_wconf 88' lang='lat' dir='ltr'>pro-</span> 
     </span>
     <span class='ocr_line' id='line_1_11' title="bbox 78 1242 1370 1319; baseline -0.002 -19"><span class='ocrx_word' id='word_1_58' title='bbox 78 1259 245 1319; x_wconf 81' lang='lat' dir='ltr'>rogat</span> <span class='ocrx_word' id='word_1_59' title='bbox 281 1246 467 1319; x_wconf 90' lang='lat' dir='ltr'>pomis</span> <span class='ocrx_word' id='word_1_60' title='bbox 503 1244 764 1309; x_wconf 73' lang='lat' dir='ltr'>mitibus,</span> <span class='ocrx_word' id='word_1_61' title='bbox 827 1258 927 1298; x_wconf 85' lang='lat' dir='ltr'>aut</span> <span class='ocrx_word' id='word_1_62' title='bbox 957 1242 1194 1298; x_wconf 85' lang='lat' dir='ltr'>floribus</span> <span class='ocrx_word' id='word_1_63' title='bbox 1226 1265 1370 1298; x_wconf 90' lang='lat' dir='ltr'>mar-</span> 
     </span>
     <span class='ocr_line' id='line_1_12' title="bbox 84 1332 1368 1401; baseline -0.001 -9"><span class='ocrx_word' id='word_1_64' title='bbox 84 1332 365 1401; x_wconf 59' lang='lat' dir='ltr'>centibu&#39;S,</span> <span class='ocrx_word' id='word_1_65' title='bbox 397 1350 497 1392; x_wconf 92' lang='lat' dir='ltr'>aut</span> <span class='ocrx_word' id='word_1_66' title='bbox 519 1335 735 1390; x_wconf 84' lang='lat' dir='ltr'>facibus</span> <span class='ocrx_word' id='word_1_67' title='bbox 760 1336 1091 1391; x_wconf 84' lang='lat' dir='ltr'>ardentibus</span> <span class='ocrx_word' id='word_1_68' title='bbox 1107 1332 1139 1392; x_wconf 66' lang='grc' dir='ltr'>ἶ)</span> <span class='ocrx_word' id='word_1_69' title='bbox 1179 1338 1368 1392; x_wconf 83' lang='lat' dir='ltr'>Etiam</span> 
     </span>
    </p>
   </div>
   <div class='ocr_carea' id='block_1_3' title="bbox 81 1427 1370 1687">
    <p class='ocr_par' dir='ltr' id='par_1_3' title="bbox 81 1427 1370 1687">
     <span class='ocr_line' id='line_1_13' title="bbox 83 1427 1369 1485; baseline -0.001 -1"><span class='ocrx_word' id='word_1_70' title='bbox 83 1429 188 1484; x_wconf 84' lang='lat' dir='ltr'>soli</span> <span class='ocrx_word' id='word_1_71' title='bbox 219 1470 464 1485; x_wconf 91' lang='grc'><strong>......</strong></span> <span class='ocrx_word' id='word_1_72' title='bbox 489 1427 730 1483; x_wconf 88' lang='lat' dir='ltr'>verbum</span> <span class='ocrx_word' id='word_1_73' title='bbox 754 1470 767 1482; x_wconf 89' lang='lat'><strong>.</strong></span> <span class='ocrx_word' id='word_1_74' title='bbox 797 1470 808 1483; x_wconf 91' lang='lat'><strong>.</strong></span> <span class='ocrx_word' id='word_1_75' title='bbox 836 1467 850 1481; x_wconf 87' lang='lat'><strong>.</strong></span> <span class='ocrx_word' id='word_1_76' title='bbox 875 1470 888 1482; x_wconf 85' lang='lat'><strong>.</strong></span> <span class='ocrx_word' id='word_1_77' title='bbox 916 1470 939 1482; x_wconf 89' lang='lat'>..</span> <span class='ocrx_word' id='word_1_78' title='bbox 957 1471 968 1483; x_wconf 91' lang='lat'><strong>.</strong></span> <span class='ocrx_word' id='word_1_79' title='bbox 992 1470 1005 1482; x_wconf 92' lang='lat'>.</span> <span class='ocrx_word' id='word_1_80' title='bbox 1033 1445 1117 1484; x_wconf 88' lang='lat' dir='ltr'>est</span> <span class='ocrx_word' id='word_1_81' title='bbox 1137 1431 1369 1485; x_wconf 87' lang='lat' dir='ltr'>interim</span> 
     </span>
     <span class='ocr_line' id='line_1_14' title="bbox 84 1519 1370 1604; baseline 0.001 -29"><span class='ocrx_word' id='word_1_82' title='bbox 84 1523 211 1575; x_wconf 86' lang='lat' dir='ltr'>occi</span> <span class='ocrx_word' id='word_1_83' title='bbox 227 1563 239 1576; x_wconf 93' lang='lat'>.</span> <span class='ocrx_word' id='word_1_84' title='bbox 255 1519 633 1576; x_wconf 37' lang='lat' dir='ltr'>ficonfestim.</span> <span class='ocrx_word' id='word_1_85' title='bbox 669 1521 892 1604; x_wconf 70' lang='lat' dir='ltr'>yellem</span> <span class='ocrx_word' id='word_1_86' title='bbox 917 1523 1065 1576; x_wconf 83' lang='lat' dir='ltr'>sicut</span> <span class='ocrx_word' id='word_1_87' title='bbox 1086 1536 1148 1576; x_wconf 85' lang='lat' dir='ltr'>tu</span> <span class='ocrx_word' id='word_1_88' title='bbox 1178 1541 1370 1577; x_wconf 87' lang='lat' dir='ltr'>senem</span> 
     </span>
     <span class='ocr_line' id='line_1_15' title="bbox 81 1599 1366 1687; baseline 0.002 -19"><span class='ocrx_word' id='word_1_89' title='bbox 81 1599 310 1678; x_wconf 78' lang='lat' dir='ltr'>differs,</span> <span class='ocrx_word' id='word_1_90' title='bbox 360 1615 440 1669; x_wconf 81' lang='lat' dir='ltr'>ita</span> <span class='ocrx_word' id='word_1_91' title='bbox 465 1608 619 1669; x_wconf 78' lang='lat' dir='ltr'>aetas</span> <span class='ocrx_word' id='word_1_92' title='bbox 653 1633 881 1687; x_wconf 87' lang='lat' dir='ltr'>quoque</span> <span class='ocrx_word' id='word_1_93' title='bbox 917 1613 1174 1670; x_wconf 83' lang='lat' dir='ltr'>differret</span> <span class='ocrx_word' id='word_1_94' title='bbox 1201 1657 1366 1671; x_wconf 92' lang='grc'><strong>.....</strong></span> 
     </span>
    </p>
   </div>
   <div class='ocr_carea' id='block_1_4' title="bbox 70 1704 1373 2229">
    <p class='ocr_par' dir='ltr' id='par_1_4' title="bbox 70 1704 1373 2229">
     <span class='ocr_line' id='line_1_16' title="bbox 84 1704 1368 1781; baseline 0.002 -20"><span class='ocrx_word' id='word_1_95' title='bbox 84 1704 516 1763; x_wconf 84' lang='lat' dir='ltr'>Adulescentia-e</span> <span class='ocrx_word' id='word_1_96' title='bbox 559 1720 616 1762; x_wconf 88' lang='lat' dir='ltr'>et</span> <span class='ocrx_word' id='word_1_97' title='bbox 645 1709 934 1763; x_wconf 83' lang='lat' dir='ltr'>iuventuti</span> <span class='ocrx_word' id='word_1_98' title='bbox 963 1709 1190 1781; x_wconf 85' lang='lat' dir='ltr'>prolixa</span> <span class='ocrx_word' id='word_1_99' title='bbox 1218 1710 1368 1763; x_wconf 82' lang='lat' dir='ltr'>vitae</span> 
     </span>
     <span class='ocr_line' id='line_1_17' title="bbox 86 1798 1370 1867; baseline 0 -13"><span class='ocrx_word' id='word_1_100' title='bbox 86 1800 367 1854; x_wconf 85' lang='lat' dir='ltr'>curricula</span> <span class='ocrx_word' id='word_1_101' title='bbox 389 1799 522 1854; x_wconf 89' lang='lat' dir='ltr'>data</span> <span class='ocrx_word' id='word_1_102' title='bbox 543 1815 694 1863; x_wconf 88' lang='lat' dir='ltr'>sunt,</span> <span class='ocrx_word' id='word_1_103' title='bbox 719 1800 865 1853; x_wconf 89' lang='lat' dir='ltr'>sicut</span> <span class='ocrx_word' id='word_1_104' title='bbox 886 1798 1082 1855; x_wconf 90' lang='lat' dir='ltr'>diebus</span> <span class='ocrx_word' id='word_1_105' title='bbox 1114 1813 1173 1855; x_wconf 93' lang='lat' dir='ltr'>et</span> <span class='ocrx_word' id='word_1_106' title='bbox 1190 1803 1370 1867; x_wconf 79' lang='lat' dir='ltr'>nocti·</span> 
     </span>
     <span class='ocr_line' id='line_1_18' title="bbox 87 1889 1371 1965; baseline 0.001 -20"><span class='ocrx_word' id='word_1_107' title='bbox 87 1889 195 1945; x_wconf 88' lang='lat' dir='ltr'>bus</span> <span class='ocrx_word' id='word_1_108' title='bbox 221 1889 508 1946; x_wconf 86' lang='lat' dir='ltr'>interdum</span> <span class='ocrx_word' id='word_1_109' title='bbox 534 1891 669 1946; x_wconf 86' lang='lat' dir='ltr'>licet</span> <span class='ocrx_word' id='word_1_110' title='bbox 697 1911 816 1947; x_wconf 89' lang='lat' dir='ltr'>esse</span> <span class='ocrx_word' id='word_1_111' title='bbox 846 1893 1045 1965; x_wconf 80' lang='lat' dir='ltr'>longiS.</span> <span class='ocrx_word' id='word_1_112' title='bbox 1097 1893 1371 1948; x_wconf 88' lang='lat' dir='ltr'>Senectus</span> 
     </span>
     <span class='ocr_line' id='line_1_19' title="bbox 87 1985 1373 2058; baseline 0.001 -20"><span class='ocrx_word' id='word_1_113' title='bbox 87 1985 485 2057; x_wconf 89' lang='lat' dir='ltr'>crepusculum</span> <span class='ocrx_word' id='word_1_114' title='bbox 505 1995 617 2049; x_wconf 86' lang='lat' dir='ltr'>est,</span> <span class='ocrx_word' id='word_1_115' title='bbox 658 1985 816 2057; x_wconf 90' lang='lat' dir='ltr'>quod</span> <span class='ocrx_word' id='word_1_116' title='bbox 845 1986 1082 2058; x_wconf 82' lang='lat' dir='ltr'>longum</span> <span class='ocrx_word' id='word_1_117' title='bbox 1103 2007 1224 2042; x_wconf 88' lang='lat' dir='ltr'>esse</span> <span class='ocrx_word' id='word_1_118' title='bbox 1252 2004 1373 2040; x_wconf 90' lang='lat' dir='ltr'>non</span> 
     </span>
     <span class='ocr_line' id='line_1_20' title="bbox 87 2078 1372 2152; baseline 0.003 -23"><span class='ocrx_word' id='word_1_119' title='bbox 87 2092 278 2150; x_wconf 89' lang='lat' dir='ltr'>potest</span> <span class='ocrx_word' id='word_1_120' title='bbox 300 2117 474 2131; x_wconf 91' lang='grc'><strong>.....</strong></span> <span class='ocrx_word' id='word_1_121' title='bbox 497 2078 734 2143; x_wconf 88' lang='lat' dir='ltr'>Homini</span> <span class='ocrx_word' id='word_1_122' title='bbox 768 2079 890 2133; x_wconf 87' lang='lat' dir='ltr'>seni</span> <span class='ocrx_word' id='word_1_123' title='bbox 922 2078 1204 2152; x_wconf 84' lang='lat' dir='ltr'>quidquid</span> <span class='ocrx_word' id='word_1_124' title='bbox 1228 2080 1372 2133; x_wconf 89' lang='lat' dir='ltr'>inte·</span> 
     </span>
     <span class='ocr_line' id='line_1_21' title="bbox 70 2165 1367 2229; baseline -0.002 -2"><span class='ocrx_word' id='word_1_125' title='bbox 70 2171 195 2227; x_wconf 78' lang='lat' dir='ltr'>‚rim</span> <span class='ocrx_word' id='word_1_126' title='bbox 213 2165 280 2224; x_wconf 88' lang='lat' dir='ltr'>fit</span> <span class='ocrx_word' id='word_1_127' title='bbox 297 2170 465 2223; x_wconf 82' lang='lat' dir='ltr'>iuxta</span> <span class='ocrx_word' id='word_1_128' title='bbox 497 2171 724 2224; x_wconf 88' lang='lat' dir='ltr'>interim</span> <span class='ocrx_word' id='word_1_129' title='bbox 747 2166 812 2226; x_wconf 85' lang='lat' dir='ltr'>fit</span> <span class='ocrx_word' id='word_1_130' title='bbox 830 2183 891 2228; x_wconf 77' lang='lat'>(2)</span> <span class='ocrx_word' id='word_1_131' title='bbox 923 2213 936 2226; x_wconf 93' lang='lat'><strong>.</strong></span> <span class='ocrx_word' id='word_1_132' title='bbox 972 2213 985 2225; x_wconf 91' lang='lat'><strong>.</strong></span> <span class='ocrx_word' id='word_1_133' title='bbox 1022 2213 1033 2226; x_wconf 94' lang='lat'><strong>.</strong></span> <span class='ocrx_word' id='word_1_134' title='bbox 1070 2213 1084 2226; x_wconf 88' lang='lat'><strong>.</strong></span> <span class='ocrx_word' id='word_1_135' title='bbox 1120 2213 1132 2229; x_wconf 81' lang='grc'>,</span> <span class='ocrx_word' id='word_1_136' title='bbox 1168 2214 1180 2226; x_wconf 92' lang='grc'><strong>.</strong></span> <span class='ocrx_word' id='word_1_137' title='bbox 1216 2185 1367 2226; x_wconf 82' lang='lat' dir='ltr'>sunt.</span> 
     </span>
    </p>
   </div>
   <div class='ocr_carea' id='block_1_5' title="bbox 148 2527 660 2593">
    <p class='ocr_par' dir='ltr' id='par_1_5' title="bbox 148 2527 660 2593">
     <span class='ocr_line' id='line_1_22' title="bbox 148 2527 660 2593; baseline 0.002 -25"><span class='ocrx_word' id='word_1_138' title='bbox 148 2527 216 2582; x_wconf 90' lang='grc' dir='ltr'>(ι)</span> <span class='ocrx_word' id='word_1_139' title='bbox 246 2529 318 2593; x_wconf 40' lang='lat' dir='ltr'>Ita*</span> <span class='ocrx_word' id='word_1_140' title='bbox 333 2529 434 2574; x_wconf 81' lang='lat' dir='ltr'>Cod.</span> <span class='ocrx_word' id='word_1_141' title='bbox 466 2532 660 2587; x_wconf 77' lang='lat' dir='ltr'>reliqum.</span> 
     </span>
    </p>
   </div>
   <div class='ocr_carea' id='block_1_6' title="bbox 149 2615 1063 2731">
    <p class='ocr_par' dir='ltr' id='par_1_6' title="bbox 149 2615 1063 2731">
     <span class='ocr_line' id='line_1_23' title="bbox 149 2615 758 2674; baseline 0.01 -19"><span class='ocrx_word' id='word_1_142' title='bbox 149 2616 219 2672; x_wconf 67' lang='grc' dir='ltr'>(α)</span> <span class='ocrx_word' id='word_1_143' title='bbox 250 2615 314 2662; x_wconf 73' lang='lat' dir='ltr'>Ita</span> <span class='ocrx_word' id='word_1_144' title='bbox 339 2619 567 2674; x_wconf 68' lang='lat' dir='ltr'>perspicue</span> <span class='ocrx_word' id='word_1_145' title='bbox 595 2618 758 2661; x_wconf 82' lang='lat' dir='ltr'>Codex.</span> 
     </span>
     <span class='ocr_line' id='line_1_24' title="bbox 761 2693 1063 2731; baseline 0 -16"><span class='ocrx_word' id='word_1_146' title='bbox 761 2703 767 2715; x_wconf 87' lang='grc'><strong><em>,</em></strong></span> <span class='ocrx_word' id='word_1_147' title='bbox 955 2704 1009 2731; x_wconf 68' lang='lat'>20</span> <span class='ocrx_word' id='word_1_148' title='bbox 1040 2693 1063 2715; x_wconf 57' lang='grc' dir='ltr'>ιι</span> 
     </span>
    </p>
   </div>
  </div>
 </body>
</html>
