<?xml version="1.0" encoding="UTF-8"?>
<!DOCTYPE html PUBLIC "-//W3C//DTD XHTML 1.0 Transitional//EN"
    "http://www.w3.org/TR/xhtml1/DTD/xhtml1-transitional.dtd">
<html xmlns="http://www.w3.org/1999/xhtml" xml:lang="en" lang="en">
 <head>
  <title>
</title>
<meta http-equiv="Content-Type" content="text/html;charset=utf-8" />
  <meta name='ocr-system' content='tesseract 3.04.00' />
  <meta name='ocr-capabilities' content='ocr_page ocr_carea ocr_par ocr_line ocrx_word'/>
</head>
<body>
  <div class='ocr_page' id='page_1' title='image "./operaomnia02horauoft_0060.png"; bbox 0 0 1708 3028; ppageno 0'>
   <div class='ocr_carea' id='block_1_1' title="bbox 330 270 1200 317">
    <p class='ocr_par' dir='ltr' id='par_1_1' title="bbox 330 270 1200 317">
     <span class='ocr_line' id='line_1_1' title="bbox 330 270 1200 317; baseline 0.003 -3"><span class='ocrx_word' id='word_1_1' title='bbox 330 272 414 315; x_wconf 71' lang='lat'>268</span> <span class='ocrx_word' id='word_1_2' title='bbox 547 313 550 316; x_wconf 89' lang='grc'><strong><em>,</em></strong></span> <span class='ocrx_word' id='word_1_3' title='bbox 711 270 788 312; x_wconf 83' lang='lat' dir='ltr'>DE</span> <span class='ocrx_word' id='word_1_4' title='bbox 814 271 1200 317; x_wconf 80' lang='lat' dir='ltr'><strong>ORATIONIBUS</strong></span> 
     </span>
    </p>
   </div>
   <div class='ocr_carea' id='block_1_2' title="bbox 327 374 1575 555">
    <p class='ocr_par' dir='ltr' id='par_1_2' title="bbox 327 374 1575 555">
     <span class='ocr_line' id='line_1_2' title="bbox 328 374 1575 470; baseline 0.004 -24"><span class='ocrx_word' id='word_1_5' title='bbox 328 394 513 465; x_wconf 85' lang='lat' dir='ltr'>aliquo</span> <span class='ocrx_word' id='word_1_6' title='bbox 540 391 708 458; x_wconf 85' lang='lat' dir='ltr'><strong>libro,</strong></span> <span class='ocrx_word' id='word_1_7' title='bbox 741 397 913 463; x_wconf 20' lang='lat' dir='ltr'><strong>&#39;cuius</strong></span> <span class='ocrx_word' id='word_1_8' title='bbox 944 374 1128 450; x_wconf 59' lang='lat' dir='ltr'>Edicti</span> <span class='ocrx_word' id='word_1_9' title='bbox 1161 398 1384 451; x_wconf 86' lang='lat' dir='ltr'>initium</span> <span class='ocrx_word' id='word_1_10' title='bbox 1419 395 1575 470; x_wconf 82' lang='lat' dir='ltr'>(fuis-</span> 
     </span>
     <span class='ocr_line' id='line_1_3' title="bbox 327 479 1574 555; baseline 0.003 -19"><span class='ocrx_word' id='word_1_11' title='bbox 327 484 432 555; x_wconf 84' lang='lat' dir='ltr'>set)</span> <span class='ocrx_word' id='word_1_12' title='bbox 473 479 813 539; x_wconf 89' lang='lat' dir='ltr'>FLORERE</span> <span class='ocrx_word' id='word_1_13' title='bbox 864 487 1285 540; x_wconf 85' lang='lat' dir='ltr'>INLIBATAM</span> <span class='ocrx_word' id='word_1_14' title='bbox 1322 489 1574 542; x_wconf 86' lang='lat' dir='ltr'><strong>IUVEN-</strong></span> 
     </span>
    </p>
   </div>
   <div class='ocr_carea' id='block_1_3' title="bbox 323 562 1574 739">
    <p class='ocr_par' dir='ltr' id='par_1_3' title="bbox 323 562 1574 739">
     <span class='ocr_line' id='line_1_4' title="bbox 327 562 1574 649; baseline 0.003 -23"><span class='ocrx_word' id='word_1_15' title='bbox 327 562 615 629; x_wconf 82' lang='lat' dir='ltr'>TUTEM.</span> <span class='ocrx_word' id='word_1_16' title='bbox 679 574 830 649; x_wconf 81' lang='lat' dir='ltr'><strong>Quid</strong></span> <span class='ocrx_word' id='word_1_17' title='bbox 867 575 975 629; x_wconf 86' lang='lat' dir='ltr'>hoc</span> <span class='ocrx_word' id='word_1_18' title='bbox 1015 588 1123 639; x_wconf 83' lang='lat' dir='ltr'>est,</span> <span class='ocrx_word' id='word_1_19' title='bbox 1161 572 1393 631; x_wconf 72' lang='lat' dir='ltr'>Marce?</span> <span class='ocrx_word' id='word_1_20' title='bbox 1449 578 1574 630; x_wconf 85' lang='lat' dir='ltr'>Hoc</span> 
     </span>
     <span class='ocr_line' id='line_1_5' title="bbox 323 665 1574 739; baseline 0.002 -22"><span class='ocrx_word' id='word_1_21' title='bbox 323 682 525 737; x_wconf 85' lang='lat' dir='ltr'>nempe</span> <span class='ocrx_word' id='word_1_22' title='bbox 558 665 737 718; x_wconf 82' lang='lat' dir='ltr'>dicere</span> <span class='ocrx_word' id='word_1_23' title='bbox 772 667 880 730; x_wconf 88' lang='lat' dir='ltr'><strong>vis,</strong></span> <span class='ocrx_word' id='word_1_24' title='bbox 942 686 1143 739; x_wconf 85' lang='lat' dir='ltr'>cupere</span> <span class='ocrx_word' id='word_1_25' title='bbox 1171 680 1228 720; x_wconf 86' lang='lat' dir='ltr'>te</span> <span class='ocrx_word' id='word_1_26' title='bbox 1259 667 1448 721; x_wconf 75' lang='lat' dir='ltr'>Ita⁴lica</span> <span class='ocrx_word' id='word_1_27' title='bbox 1478 685 1574 738; x_wconf 87' lang='lat' dir='ltr'>op-</span> 
     </span>
    </p>
   </div>
   <div class='ocr_carea' id='block_1_4' title="bbox 319 754 1576 916">
    <p class='ocr_par' dir='ltr' id='par_1_4' title="bbox 319 754 1576 916">
     <span class='ocr_line' id='line_1_6' title="bbox 321 754 1576 830; baseline 0.002 -24"><span class='ocrx_word' id='word_1_28' title='bbox 321 754 452 827; x_wconf 84' lang='lat' dir='ltr'>pida</span> <span class='ocrx_word' id='word_1_29' title='bbox 483 754 822 826; x_wconf 84' lang='lat' dir='ltr'>frequentari</span> <span class='ocrx_word' id='word_1_30' title='bbox 858 758 1017 828; x_wconf 83' lang='lat' dir='ltr'>copia</span> <span class='ocrx_word' id='word_1_31' title='bbox 1042 759 1340 810; x_wconf 87' lang='lat' dir='ltr'>iuniorum.</span> <span class='ocrx_word' id='word_1_32' title='bbox 1419 756 1576 830; x_wconf 79' lang='lat' dir='ltr'>Quid</span> 
     </span>
     <span class='ocr_line' id='line_1_7' title="bbox 319 841 1569 916; baseline 0.002 -20"><span class='ocrx_word' id='word_1_33' title='bbox 319 846 381 897; x_wconf 89' lang='lat' dir='ltr'>in</span> <span class='ocrx_word' id='word_1_34' title='bbox 399 847 583 916; x_wconf 84' lang='lat' dir='ltr'>primo</span> <span class='ocrx_word' id='word_1_35' title='bbox 602 845 775 898; x_wconf 84' lang='lat' dir='ltr'>verbo</span> <span class='ocrx_word' id='word_1_36' title='bbox 791 858 848 899; x_wconf 87' lang='lat' dir='ltr'>et</span> <span class='ocrx_word' id='word_1_37' title='bbox 858 865 1020 900; x_wconf 86' lang='lat' dir='ltr'>versu</span> <span class='ocrx_word' id='word_1_38' title='bbox 1037 846 1169 901; x_wconf 79' lang='lat' dir='ltr'>facit</span> <span class='ocrx_word' id='word_1_39' title='bbox 1183 847 1522 901; x_wconf 89' lang='lat' dir='ltr'>FLORERE</span> <span class='ocrx_word' id='word_1_40' title='bbox 1537 841 1569 898; x_wconf 70' lang='lat'>‘2</span> 
     </span>
    </p>
   </div>
   <div class='ocr_carea' id='block_1_5' title="bbox 320 931 1572 1007">
    <p class='ocr_par' dir='ltr' id='par_1_5' title="bbox 320 931 1572 1007">
     <span class='ocr_line' id='line_1_8' title="bbox 320 931 1572 1007; baseline 0.002 -21"><span class='ocrx_word' id='word_1_41' title='bbox 320 933 475 1007; x_wconf 79' lang='lat' dir='ltr'>Quid</span> <span class='ocrx_word' id='word_1_42' title='bbox 489 933 764 1006; x_wconf 79' lang='lat' dir='ltr'><strong>significat</strong></span> <span class='ocrx_word' id='word_1_43' title='bbox 774 937 1194 990; x_wconf 87' lang='lat' dir='ltr'><strong>INLIBATAM</strong></span> <span class='ocrx_word' id='word_1_44' title='bbox 1203 938 1284 992; x_wconf 91' lang='lat' dir='ltr'>IU</span> <span class='ocrx_word' id='word_1_45' title='bbox 1290 931 1572 990; x_wconf 83' lang='lat' dir='ltr'>VENTU-</span> 
     </span>
    </p>
   </div>
   <div class='ocr_carea' id='block_1_6' title="bbox 319 1020 1573 1178">
    <p class='ocr_par' dir='ltr' id='par_1_6' title="bbox 319 1020 1573 1178">
     <span class='ocr_line' id='line_1_9' title="bbox 319 1020 1572 1096; baseline 0.002 -21"><span class='ocrx_word' id='word_1_46' title='bbox 319 1024 485 1076; x_wconf 86' lang='lat' dir='ltr'>TEM</span> <span class='ocrx_word' id='word_1_47' title='bbox 498 1020 528 1077; x_wconf 54' lang='grc' dir='ltr'>(ἒ</span> <span class='ocrx_word' id='word_1_48' title='bbox 553 1024 704 1096; x_wconf 78' lang='lat' dir='ltr'><strong>Quid</strong></span> <span class='ocrx_word' id='word_1_49' title='bbox 716 1025 818 1076; x_wconf 82' lang='lat' dir='ltr'>sibi</span> <span class='ocrx_word' id='word_1_50' title='bbox 829 1027 1025 1079; x_wconf 84' lang='lat' dir='ltr'><strong>volunt</strong></span> <span class='ocrx_word' id='word_1_51' title='bbox 1045 1026 1282 1079; x_wconf 84' lang='lat' dir='ltr'>ambitus</span> <span class='ocrx_word' id='word_1_52' title='bbox 1302 1028 1395 1079; x_wconf 83' lang='lat' dir='ltr'>isti</span> <span class='ocrx_word' id='word_1_53' title='bbox 1407 1038 1462 1078; x_wconf 84' lang='lat' dir='ltr'>et</span> <span class='ocrx_word' id='word_1_54' title='bbox 1473 1026 1572 1077; x_wconf 87' lang='lat' dir='ltr'><strong>cir-</strong></span> 
     </span>
     <span class='ocr_line' id='line_1_10' title="bbox 319 1113 1573 1178; baseline 0 -20"><span class='ocrx_word' id='word_1_55' title='bbox 319 1114 611 1159; x_wconf 84' lang='lat' dir='ltr'>cumitiones</span> <span class='ocrx_word' id='word_1_56' title='bbox 627 1114 650 1159; x_wconf 67' lang='lat'>2</span> <span class='ocrx_word' id='word_1_57' title='bbox 701 1120 799 1161; x_wconf 90' lang='lat' dir='ltr'>Rev</span> <span class='ocrx_word' id='word_1_58' title='bbox 808 1126 961 1161; x_wconf 87' lang='lat' dir='ltr'>ertere</span> <span class='ocrx_word' id='word_1_59' title='bbox 995 1118 1158 1178; x_wconf 82' lang='lat' dir='ltr'>potius</span> <span class='ocrx_word' id='word_1_60' title='bbox 1191 1115 1250 1161; x_wconf 81' lang='lat' dir='ltr'>ad</span> <span class='ocrx_word' id='word_1_61' title='bbox 1282 1113 1428 1161; x_wconf 84' lang='lat' dir='ltr'>verba</span> <span class='ocrx_word' id='word_1_62' title='bbox 1462 1124 1573 1176; x_wconf 81' lang='lat' dir='ltr'>apta</span> 
     </span>
    </p>
   </div>
   <div class='ocr_carea' id='block_1_7' title="bbox 315 1194 1571 1432">
    <p class='ocr_par' dir='ltr' id='par_1_7' title="bbox 315 1194 1571 1432">
     <span class='ocr_line' id='line_1_11' title="bbox 318 1194 1571 1269; baseline -0.001 -20"><span class='ocrx_word' id='word_1_63' title='bbox 318 1209 376 1249; x_wconf 87' lang='lat' dir='ltr'>et</span> <span class='ocrx_word' id='word_1_64' title='bbox 403 1198 633 1269; x_wconf 80' lang='lat' dir='ltr'>propria</span> <span class='ocrx_word' id='word_1_65' title='bbox 662 1210 716 1250; x_wconf 81' lang='lat' dir='ltr'>et</span> <span class='ocrx_word' id='word_1_66' title='bbox 751 1216 851 1250; x_wconf 86' lang='lat' dir='ltr'>suo</span> <span class='ocrx_word' id='word_1_67' title='bbox 881 1217 1014 1250; x_wconf 85' lang='lat' dir='ltr'><strong>suco</strong></span> <span class='ocrx_word' id='word_1_68' title='bbox 1043 1197 1272 1251; x_wconf 83' lang='lat' dir='ltr'>imbuta.</span> <span class='ocrx_word' id='word_1_69' title='bbox 1322 1194 1571 1258; x_wconf 81' lang='lat' dir='ltr'>ScabieS‚</span> 
     </span>
     <span class='ocr_line' id='line_1_12' title="bbox 315 1283 1568 1358; baseline 0 -21"><span class='ocrx_word' id='word_1_70' title='bbox 315 1288 538 1358; x_wconf 83' lang='lat' dir='ltr'>porrigo</span> <span class='ocrx_word' id='word_1_71' title='bbox 562 1305 633 1336; x_wconf 79' lang='lat' dir='ltr'>ex</span> <span class='ocrx_word' id='word_1_72' title='bbox 647 1283 918 1338; x_wconf 80' lang='lat' dir='ltr'>eiusmodi</span> <span class='ocrx_word' id='word_1_73' title='bbox 934 1285 1085 1339; x_wconf 83' lang='lat' dir='ltr'>libris</span> <span class='ocrx_word' id='word_1_74' title='bbox 1102 1287 1429 1358; x_wconf 83' lang='lat' dir='ltr'>concipitur.</span> <span class='ocrx_word' id='word_1_75' title='bbox 1447 1286 1568 1337; x_wconf 92' lang='grc' dir='ltr'>Μο-</span> 
     </span>
     <span class='ocr_line' id='line_1_13' title="bbox 315 1375 1568 1432; baseline 0.003 -4"><span class='ocrx_word' id='word_1_76' title='bbox 315 1388 503 1429; x_wconf 84' lang='lat' dir='ltr'>netam</span> <span class='ocrx_word' id='word_1_77' title='bbox 523 1375 670 1427; x_wconf 85' lang='lat' dir='ltr'>illam</span> <span class='ocrx_word' id='word_1_78' title='bbox 690 1386 935 1428; x_wconf 82' lang='lat' dir='ltr'>veterem</span> <span class='ocrx_word' id='word_1_79' title='bbox 961 1389 1214 1429; x_wconf 78' lang='lat' dir='ltr'>sectator.</span> <span class='ocrx_word' id='word_1_80' title='bbox 1243 1375 1568 1432; x_wconf 85' lang='lat' dir='ltr'>Plumbei(¹)</span> 
     </span>
    </p>
   </div>
   <div class='ocr_carea' id='block_1_8' title="bbox 306 1563 1569 2600">
    <p class='ocr_par' dir='ltr' id='par_1_8' title="bbox 306 1563 1569 2600">
     <span class='ocr_line' id='line_1_14' title="bbox 317 1563 1567 1620; baseline 0 -18"><span class='ocrx_word' id='word_1_81' title='bbox 317 1563 569 1620; x_wconf 64' lang='lat' dir='ltr'>adhibebant</span> <span class='ocrx_word' id='word_1_82' title='bbox 618 1565 899 1617; x_wconf 79' lang='lat' dir='ltr'>Imperatores</span> <span class='ocrx_word' id='word_1_83' title='bbox 945 1563 1113 1617; x_wconf 86' lang='lat' dir='ltr'>nequod</span> <span class='ocrx_word' id='word_1_84' title='bbox 1163 1563 1344 1603; x_wconf 86' lang='lat' dir='ltr'>insolens</span> <span class='ocrx_word' id='word_1_85' title='bbox 1392 1563 1567 1603; x_wconf 85' lang='lat' dir='ltr'>verbum</span> 
     </span>
     <span class='ocr_line' id='line_1_15' title="bbox 314 1627 1567 1682; baseline -0.001 -15"><span class='ocrx_word' id='word_1_86' title='bbox 314 1637 385 1668; x_wconf 83' lang='lat' dir='ltr'>aut</span> <span class='ocrx_word' id='word_1_87' title='bbox 421 1629 628 1682; x_wconf 82' lang='lat' dir='ltr'>impurum</span> <span class='ocrx_word' id='word_1_88' title='bbox 665 1629 707 1667; x_wconf 87' lang='lat' dir='ltr'>in</span> <span class='ocrx_word' id='word_1_89' title='bbox 750 1642 823 1667; x_wconf 89' lang='lat' dir='ltr'>sua</span> <span class='ocrx_word' id='word_1_90' title='bbox 862 1627 997 1668; x_wconf 83' lang='lat' dir='ltr'>edicta</span> <span class='ocrx_word' id='word_1_91' title='bbox 1036 1629 1258 1681; x_wconf 83' lang='lat' dir='ltr'>irreperet.</span> <span class='ocrx_word' id='word_1_92' title='bbox 1342 1628 1567 1668; x_wconf 83' lang='lat' dir='ltr'>Notissima</span> 
     </span>
     <span class='ocr_line' id='line_1_16' title="bbox 306 1693 1569 1748; baseline 0 -15"><span class='ocrx_word' id='word_1_93' title='bbox 306 1703 427 1742; x_wconf 71' lang='lat' dir='ltr'>sunt,</span> <span class='ocrx_word' id='word_1_94' title='bbox 478 1707 583 1748; x_wconf 87' lang='lat' dir='ltr'>quae</span> <span class='ocrx_word' id='word_1_95' title='bbox 623 1694 675 1732; x_wconf 88' lang='lat' dir='ltr'>de</span> <span class='ocrx_word' id='word_1_96' title='bbox 717 1693 877 1733; x_wconf 85' lang='lat' dir='ltr'>Tiberii</span> <span class='ocrx_word' id='word_1_97' title='bbox 915 1693 993 1733; x_wconf 82' lang='lat' dir='ltr'>hac</span> <span class='ocrx_word' id='word_1_98' title='bbox 1030 1694 1073 1732; x_wconf 87' lang='lat' dir='ltr'>in</span> <span class='ocrx_word' id='word_1_99' title='bbox 1113 1707 1161 1732; x_wconf 84' lang='lat' dir='ltr'>re</span> <span class='ocrx_word' id='word_1_100' title='bbox 1190 1693 1399 1746; x_wconf 77' lang='lat' dir='ltr'>diligentia</span> <span class='ocrx_word' id='word_1_101' title='bbox 1427 1702 1569 1733; x_wconf 79' lang='lat' dir='ltr'><strong>narrat</strong></span> 
     </span>
     <span class='ocr_line' id='line_1_17' title="bbox 309 1759 1567 1813; baseline -0.002 -15"><span class='ocrx_word' id='word_1_102' title='bbox 309 1759 394 1799; x_wconf 77' lang='lat' dir='ltr'>Dio</span> <span class='ocrx_word' id='word_1_103' title='bbox 421 1759 512 1799; x_wconf 87' lang='lat' dir='ltr'><strong>Lib.</strong></span> <span class='ocrx_word' id='word_1_104' title='bbox 546 1773 642 1799; x_wconf 67' lang='grc' dir='ltr'>ινα.</span> <span class='ocrx_word' id='word_1_105' title='bbox 679 1762 741 1800; x_wconf 78' lang='lat'>15.</span> <span class='ocrx_word' id='word_1_106' title='bbox 773 1767 816 1798; x_wconf 80' lang='lat' dir='ltr'>et</span> <span class='ocrx_word' id='word_1_107' title='bbox 849 1774 907 1811; x_wconf 87' lang='lat'>¹7-</span> <span class='ocrx_word' id='word_1_108' title='bbox 963 1760 1018 1799; x_wconf 85' lang='lat' dir='ltr'>Ut</span> <span class='ocrx_word' id='word_1_109' title='bbox 1045 1759 1250 1813; x_wconf 83' lang='lat' dir='ltr'>antiquius</span> <span class='ocrx_word' id='word_1_110' title='bbox 1279 1760 1402 1798; x_wconf 83' lang='lat' dir='ltr'>etiam</span> <span class='ocrx_word' id='word_1_111' title='bbox 1431 1772 1567 1798; x_wconf 82' lang='lat' dir='ltr'>exem-</span> 
     </span>
     <span class='ocr_line' id='line_1_18' title="bbox 309 1823 1567 1879; baseline -0.002 -15"><span class='ocrx_word' id='word_1_112' title='bbox 309 1825 423 1878; x_wconf 85' lang='lat' dir='ltr'>plum</span> <span class='ocrx_word' id='word_1_113' title='bbox 469 1837 817 1873; x_wconf 86' lang='lat' dir='ltr'>commemorem,</span> <span class='ocrx_word' id='word_1_114' title='bbox 873 1824 1024 1864; x_wconf 85' lang='lat' dir='ltr'>Cicero</span> <span class='ocrx_word' id='word_1_115' title='bbox 1061 1824 1331 1864; x_wconf 71' lang='lat' dir='ltr'>sententiolas</span> <span class='ocrx_word' id='word_1_116' title='bbox 1371 1823 1567 1879; x_wconf 83' lang='lat' dir='ltr'>quasdam</span> 
     </span>
     <span class='ocr_line' id='line_1_19' title="bbox 310 1888 1567 1943; baseline 0.001 -14"><span class='ocrx_word' id='word_1_117' title='bbox 310 1890 532 1939; x_wconf 80' lang='lat' dir='ltr'><strong>obscuras,</strong></span> <span class='ocrx_word' id='word_1_118' title='bbox 587 1903 686 1943; x_wconf 88' lang='lat' dir='ltr'>quas</span> <span class='ocrx_word' id='word_1_119' title='bbox 727 1891 784 1928; x_wconf 84' lang='lat' dir='ltr'>M.</span> <span class='ocrx_word' id='word_1_120' title='bbox 821 1888 1028 1929; x_wconf 82' lang='lat' dir='ltr'>Antonius</span> <span class='ocrx_word' id='word_1_121' title='bbox 1074 1904 1151 1931; x_wconf 82' lang='lat' dir='ltr'>suo</span> <span class='ocrx_word' id='word_1_122' title='bbox 1201 1890 1340 1930; x_wconf 82' lang='lat' dir='ltr'>edicto</span> <span class='ocrx_word' id='word_1_123' title='bbox 1379 1892 1567 1930; x_wconf 81' lang='lat' dir='ltr'>inserue</span> 
     </span>
     <span class='ocr_line' id='line_1_20' title="bbox 309 1953 1249 2008; baseline -0.001 -13"><span class='ocrx_word' id='word_1_124' title='bbox 309 1963 396 2004; x_wconf 79' lang='lat' dir='ltr'><strong>rat,</strong></span> <span class='ocrx_word' id='word_1_125' title='bbox 442 1956 548 1995; x_wconf 80' lang='lat' dir='ltr'>salse</span> <span class='ocrx_word' id='word_1_126' title='bbox 576 1955 689 1994; x_wconf 78' lang='lat' dir='ltr'>ridet</span> <span class='ocrx_word' id='word_1_127' title='bbox 715 1953 1034 2008; x_wconf 81' lang='lat' dir='ltr'>Philippic.111.</span> <span class='ocrx_word' id='word_1_128' title='bbox 1063 1957 1249 2008; x_wconf 82' lang='lat' dir='ltr'>Cap.1x.</span> 
     </span>
     <span class='ocr_line' id='line_1_21' title="bbox 364 2019 1564 2074; baseline 0 -14"><span class='ocrx_word' id='word_1_129' title='bbox 364 2021 405 2073; x_wconf 93' lang='grc' dir='ltr'>(ι</span> <span class='ocrx_word' id='word_1_130' title='bbox 393 2022 435 2074; x_wconf 89' lang='grc' dir='ltr'>ι)</span> <span class='ocrx_word' id='word_1_131' title='bbox 465 2020 693 2060; x_wconf 82' lang='lat' dir='ltr'>Plumbeos</span> <span class='ocrx_word' id='word_1_132' title='bbox 730 2034 918 2060; x_wconf 86' lang='lat' dir='ltr'>nummos</span> <span class='ocrx_word' id='word_1_133' title='bbox 959 2020 1068 2074; x_wconf 80' lang='lat' dir='ltr'>apud</span> <span class='ocrx_word' id='word_1_134' title='bbox 1104 2022 1314 2061; x_wconf 81' lang='lat' dir='ltr'>Romanos</span> <span class='ocrx_word' id='word_1_135' title='bbox 1360 2019 1564 2069; x_wconf 71' lang='lat' dir='ltr'>extitisse,</span> 
     </span>
     <span class='ocr_line' id='line_1_22' title="bbox 307 2085 1564 2140; baseline -0.001 -13"><span class='ocrx_word' id='word_1_136' title='bbox 307 2087 407 2127; x_wconf 72' lang='lat' dir='ltr'>satis</span> <span class='ocrx_word' id='word_1_137' title='bbox 435 2088 672 2127; x_wconf 82' lang='lat' dir='ltr'>luculentus</span> <span class='ocrx_word' id='word_1_138' title='bbox 700 2085 816 2126; x_wconf 81' lang='lat' dir='ltr'>testis</span> <span class='ocrx_word' id='word_1_139' title='bbox 846 2094 911 2126; x_wconf 80' lang='lat' dir='ltr'>est</span> <span class='ocrx_word' id='word_1_140' title='bbox 930 2085 1129 2129; x_wconf 83' lang='lat' dir='ltr'>Martialis</span> <span class='ocrx_word' id='word_1_141' title='bbox 1145 2086 1236 2128; x_wconf 89' lang='lat' dir='ltr'><strong>Lib.</strong></span> <span class='ocrx_word' id='word_1_142' title='bbox 1254 2088 1283 2125; x_wconf 87' lang='grc' dir='ltr'>Ι.</span> <span class='ocrx_word' id='word_1_143' title='bbox 1311 2087 1456 2140; x_wconf 84' lang='lat' dir='ltr'><strong>Epigr.</strong></span> <span class='ocrx_word' id='word_1_144' title='bbox 1480 2099 1564 2127; x_wconf 85' lang='grc' dir='ltr'><strong>ιοο.</strong></span> 
     </span>
     <span class='ocr_line' id='line_1_23' title="bbox 458 2151 1145 2204; baseline -0.001 -12"><span class='ocrx_word' id='word_1_145' title='bbox 458 2169 478 2193; x_wconf 85' lang='grc'>»</span> <span class='ocrx_word' id='word_1_146' title='bbox 509 2153 566 2196; x_wconf 86' lang='lat' dir='ltr'>Ut</span> <span class='ocrx_word' id='word_1_147' title='bbox 593 2151 783 2192; x_wconf 83' lang='lat' dir='ltr'>convivia</span> <span class='ocrx_word' id='word_1_148' title='bbox 812 2151 1145 2204; x_wconf 81' lang='lat' dir='ltr'><strong>sumptuosiora,</strong></span> 
     </span>
     <span class='ocr_line' id='line_1_24' title="bbox 457 2216 1369 2270; baseline -0.004 -12"><span class='ocrx_word' id='word_1_149' title='bbox 457 2233 478 2259; x_wconf 81' lang='lat'>&gt;›</span> <span class='ocrx_word' id='word_1_150' title='bbox 507 2219 618 2257; x_wconf 83' lang='lat' dir='ltr'><strong>Toto</strong></span> <span class='ocrx_word' id='word_1_151' title='bbox 647 2229 757 2270; x_wconf 82' lang='lat' dir='ltr'>quae</span> <span class='ocrx_word' id='word_1_152' title='bbox 785 2216 916 2256; x_wconf 86' lang='lat' dir='ltr'>semel</span> <span class='ocrx_word' id='word_1_153' title='bbox 943 2230 1117 2270; x_wconf 84' lang='lat' dir='ltr'>apparas</span> <span class='ocrx_word' id='word_1_154' title='bbox 1144 2216 1187 2255; x_wconf 85' lang='lat' dir='ltr'>in</span> <span class='ocrx_word' id='word_1_155' title='bbox 1215 2229 1369 2266; x_wconf 43' lang='lat' dir='ltr'>annos</span> 
     </span>
     <span class='ocr_line' id='line_1_25' title="bbox 455 2282 1347 2336; baseline 0 -14"><span class='ocrx_word' id='word_1_156' title='bbox 455 2301 477 2322; x_wconf 69' lang='lat' dir='ltr'>a</span> <span class='ocrx_word' id='word_1_157' title='bbox 507 2284 668 2336; x_wconf 61' lang='lat' dir='ltr'>Nigrae&gt;</span> <span class='ocrx_word' id='word_1_158' title='bbox 691 2282 885 2322; x_wconf 81' lang='lat' dir='ltr'>sordibus</span> <span class='ocrx_word' id='word_1_159' title='bbox 914 2283 1103 2336; x_wconf 84' lang='lat' dir='ltr'>explices</span> <span class='ocrx_word' id='word_1_160' title='bbox 1131 2291 1347 2322; x_wconf 86' lang='lat' dir='ltr'>monetae:</span> 
     </span>
     <span class='ocr_line' id='line_1_26' title="bbox 456 2347 1225 2401; baseline -0.001 -13"><span class='ocrx_word' id='word_1_161' title='bbox 456 2365 476 2388; x_wconf 77' lang='lat'>»</span> <span class='ocrx_word' id='word_1_162' title='bbox 506 2349 561 2388; x_wconf 82' lang='lat' dir='ltr'>Et</span> <span class='ocrx_word' id='word_1_163' title='bbox 589 2355 752 2401; x_wconf 85' lang='lat' dir='ltr'>septem</span> <span class='ocrx_word' id='word_1_164' title='bbox 780 2357 945 2388; x_wconf 83' lang='lat' dir='ltr'>veteres</span> <span class='ocrx_word' id='word_1_165' title='bbox 971 2349 1032 2387; x_wconf 84' lang='lat' dir='ltr'>tui</span> <span class='ocrx_word' id='word_1_166' title='bbox 1061 2347 1225 2388; x_wconf 73' lang='lat' dir='ltr'>sodales</span> 
     </span>
     <span class='ocr_line' id='line_1_27' title="bbox 457 2412 1326 2468; baseline -0.004 -12.801"><span class='ocrx_word' id='word_1_167' title='bbox 457 2416 750 2459; x_wconf 69' lang='lat' dir='ltr'>«Constemus</span> <span class='ocrx_word' id='word_1_168' title='bbox 780 2413 856 2455; x_wconf 82' lang='lat' dir='ltr'><strong>tihi</strong></span> <span class='ocrx_word' id='word_1_169' title='bbox 882 2414 1078 2468; x_wconf 85' lang='lat' dir='ltr'>plumbea</span> <span class='ocrx_word' id='word_1_170' title='bbox 1104 2412 1258 2454; x_wconf 78' lang='lat' dir='ltr'>selibra</span> <span class='ocrx_word' id='word_1_171' title='bbox 1288 2429 1326 2457; x_wconf 66' lang='grc' dir='ltr'>υ.</span> 
     </span>
     <span class='ocr_line' id='line_1_28' title="bbox 327 2479 1415 2536; baseline -0.002 -15.939"><span class='ocrx_word' id='word_1_172' title='bbox 327 2479 416 2521; x_wconf 85' lang='lat' dir='ltr'>Et</span> <span class='ocrx_word' id='word_1_173' title='bbox 440 2480 533 2520; x_wconf 88' lang='lat' dir='ltr'><strong>Lib.</strong></span> <span class='ocrx_word' id='word_1_174' title='bbox 562 2493 600 2519; x_wconf 82' lang='lat' dir='ltr'>x.</span> <span class='ocrx_word' id='word_1_175' title='bbox 627 2479 772 2533; x_wconf 82' lang='lat' dir='ltr'><strong>Epigr.</strong></span> <span class='ocrx_word' id='word_1_176' title='bbox 799 2484 867 2531; x_wconf 75' lang='lat'>74.</span> <span class='ocrx_word' id='word_1_177' title='bbox 1074 2500 1077 2510; x_wconf 60' lang='lat' dir='ltr'><em>s</em></span> <span class='ocrx_word' id='word_1_178' title='bbox 1395 2505 1415 2536; x_wconf 38' lang='grc' dir='ltr'>ἢ.</span> 
     </span>
     <span class='ocr_line' id='line_1_29' title="bbox 383 2543 1464 2600; baseline 0 -15"><span class='ocrx_word' id='word_1_179' title='bbox 383 2575 385 2577; x_wconf 59' lang='grc'><em>»</em></span> <span class='ocrx_word' id='word_1_180' title='bbox 455 2559 478 2585; x_wconf 67' lang='lat'>2</span> <span class='ocrx_word' id='word_1_181' title='bbox 532 2545 712 2588; x_wconf 87' lang='lat' dir='ltr'>Centum</span> <span class='ocrx_word' id='word_1_182' title='bbox 740 2544 940 2588; x_wconf 77' lang='lat' dir='ltr'>merebor</span> <span class='ocrx_word' id='word_1_183' title='bbox 967 2545 1186 2600; x_wconf 78' lang='lat' dir='ltr'>plumbeos</span> <span class='ocrx_word' id='word_1_184' title='bbox 1214 2543 1283 2584; x_wconf 80' lang='lat' dir='ltr'>die</span> <span class='ocrx_word' id='word_1_185' title='bbox 1312 2551 1400 2584; x_wconf 78' lang='lat' dir='ltr'><strong>toto</strong></span> <span class='ocrx_word' id='word_1_186' title='bbox 1431 2557 1464 2585; x_wconf 61' lang='grc' dir='ltr'>ν.</span> 
     </span>
    </p>
   </div>
  </div>
 </body>
</html>
