1708 3028
339 349 418 389 300
745 350 856 392 PRO
885 350 1178 394 VOLUMNIO

325 470 437 523 Est
475 489 552 524 ne
583 471 880 525 Volumnio
927 473 1105 544 legato
1127 475 1506 546 “perviaticum
1525 482 1579 533 (ι’)

336 558 559 632 publice
597 559 881 613 decretum
900 556 933 614 ’ἓ

407 650 547 703 Item
574 650 858 720 legationis
891 650 957 703 de
989 671 1049 705 re
1082 651 1439 706 frumentaria
1464 670 1580 729 gra-

333 740 404 792 tis
423 752 481 797 (²)
504 758 534 790 a
553 741 850 794 Volumnio
874 748 1156 815 susceptae
1172 757 1254 798 est
1273 764 1346 798 ne
1364 746 1425 797 in
1439 763 1581 797 com-

332 832 615 882 mentariis
626 831 864 902 publicis
879 834 1077 904 scripta
1093 836 1536 888 commemoratio
1547 830 1579 890 ‘2

406 918 466 973 Si
507 923 694 972 omnia
731 922 862 984 ista,
919 941 1059 994 quae
1098 941 1262 995 supra
1299 922 1445 988 dixi,
1500 926 1580 978 ita

331 1008 555 1062 decreta
615 1012 692 1062 ita
752 1009 989 1081 depensa
1048 1015 1125 1065 ita
1194 1027 1344 1084 gesta
1413 1027 1579 1081 sunm

330 1098 466 1171 quid
497 1115 552 1159 (3)
594 1112 674 1152 est
722 1119 821 1152 cur
860 1099 1109 1164 dubiteS‚
1169 1114 1296 1172 post
1333 1105 1579 1175 quinque

331 1201 388 1242 et
416 1189 780 1260 quadraginta
812 1208 987 1243 annos
1021 1192 1089 1242 sit
1127 1212 1201 1244 ne
1233 1192 1454 1245 decurio
1484 1194 1580 1264 qui

328 1278 506 1332 scriba
523 1278 714 1354 fuerit,
743 1281 1041 1350 pecuniam
1062 1280 1133 1333 ob
1155 1281 1580 1336 decurionatum

326 1370 612 1433 intulerit,
671 1369 960 1423 commoda
997 1369 1386 1425 decurionatus
1424 1391 1580 1424 usur-

325 1461 569 1531 paverit,
609 1462 802 1512 munia
822 1459 1047 1514 functus
1069 1457 1186 1515 sit?
1225 1463 1299 1515 Et
1322 1461 1456 1535 quid
1479 1474 1577 1524 est,

323 1551 404 1601 ‘mi
423 1550 553 1612 Fili,
595 1549 731 1620 quid
766 1564 849 1603 est
883 1550 1035 1622 quod
1064 1553 1168 1605 ista
1207 1551 1428 1624 probari
1473 1551 1578 1605 tibi

324 1638 543 1713 plenius
589 1639 722 1691 velis
744 1634 776 1691 ἶ)

399 1728 684 1802 Quoniam
708 1746 850 1798 quae
875 1768 885 1780 .
911 1767 923 1780 .
948 1769 959 1780 .
985 1769 997 1780 .
1022 1728 1115 1782 sed
1135 1748 1240 1801 pro
1262 1770 1274 1783 .
1301 1771 1312 1783 .
1337 1769 1350 1783 .
1373 1774 1386 1788 .
1406 1731 1577 1785 istum

326 1859 340 1873 .
365 1860 376 1872 .
402 1861 414 1872 .
440 1838 650 1872 .num.
679 1860 690 1871 .
718 1860 729 1871 .
755 1816 991 1872 ‚debet.
1018 1861 1030 1872 .
1057 1859 1069 1871 .
1094 1860 1106 1872 .
1131 1819 1573 1874 defenderit....

280 1911 283 1917 ⁴
323 1928 428 1983 pro
477 1908 692 1962 honore
738 1909 869 1962 ratis
908 1928 1027 1963 non
1066 1909 1226 1964 video
1266 1912 1362 1984 qui
1386 1910 1576 1984 “possit

376 2191 442 2245 (ι)
471 2193 530 2231 Ita
551 2189 656 2232 cod.
685 2191 908 2244 perspicue
924 2197 1220 2244 pervincicum.
1249 2194 1303 2232 Et
1330 2202 1426 2232 nota
1453 2206 1575 2234 voca-

322 2257 475 2297 bulum.
525 2257 614 2296 Nisi
653 2256 742 2309 quis
771 2257 884 2296 malit
909 2257 1239 2312 improbabiliter
1268 2259 1413 2310 legere
1441 2257 1573 2299 divise

321 2337 400 2375 per
427 2324 644 2363 viaticum.
674 2322 739 2360 De
765 2321 975 2375 legatione
1005 2337 1098 2363 cum
1119 2324 1266 2364 viatico
1287 2323 1456 2377 publico
1476 2323 1573 2366 vide

321 2388 480 2441 Digest.
514 2385 603 2425 Lib.
631 2388 698 2428 50.
730 2387 812 2428 Tit.
842 2402 881 2440 7.
914 2388 1015 2442 Leg.
1052 2402 1112 2429 ιο.

376 2469 443 2522 (2)
473 2469 539 2507 De
563 2466 773 2519 legatione
803 2468 928 2522 gratis
955 2478 1148 2523 suscepta
1180 2469 1275 2511 vide
1298 2469 1453 2523 Digest.
1481 2468 1571 2509 Lib.

322 2534 387 2576 50.
414 2534 497 2576 Tit.
524 2547 566 2586 7.
598 2534 699 2585 Leg.
733 2549 796 2575 ιι.

381 2614 453 2668 (3)
482 2614 585 2656 eod.
616 2618 664 2657 id
691 2626 765 2657 ese.
