1708 3028
373 240 452 280 232
518 239 595 278 DE
623 238 1009 280 TESTAMENTIS
1041 233 1468 284 TRANSMAMNJS.

369 381 436 412 ru
474 397 697 414 .....
734 362 1045 432 navigarint
1085 345 1244 415 inter‘
1269 379 1440 416 onera
1478 382 1613 416 mer-

370 452 517 503 cium
549 463 605 503 et
635 453 872 504 sarcinas
908 453 1194 521 remigum.
1245 451 1307 504 Id
1333 454 1499 506 etiarn
1533 473 1619 507 su-

367 554 581 614 perest,
653 541 920 613 siquando
977 543 1129 594 iactu
1181 560 1320 613 opus
1368 555 1486 606 est„
1554 555 1619 596 ut

366 644 696 685 testamenta
742 650 869 684 cum
909 631 1282 703 leguminibus
1321 633 1615 686 iactentur.

367 722 520 797 Quin
552 742 652 776 eva
680 763 858 775 .....
886 721 1303 781 costituendum
1327 761 1492 776 .....
1514 741 1620 794 pro

363 813 709 866 testamentis
740 813 1007 882 exigatur.
1049 810 1298 864 Antehac
1319 853 1331 864 .
1358 853 1369 864 .
1395 853 1406 864 .
1432 851 1445 864 .
1473 805 1618 884 quae

365 944 377 956 .
405 944 415 955 .
441 944 452 955 .
475 902 804 956 tenendum.
844 903 989 955 Nam
1012 943 1023 953 .
1049 943 1059 953 .
1088 942 1099 955 .
1128 942 1139 953 .
1166 920 1268 954 exe
1293 942 1304 954 .
1331 942 1341 954 .
1365 942 1377 954 .
1402 916 1583 955 cum..
1604 943 1616 953 .

312 1023 314 1025 ·
364 994 565 1045 etiam.
594 1012 906 1062 ..roge...
936 992 1615 1048 doleas...item..(¹)..

413 1215 487 1267 ᾳ)
512 1215 628 1252 Haec
652 1211 800 1252 Oratio
818 1210 895 1249 DE
910 1209 1309 1252 TESTAMENTIS
1333 1211 1617 1252 TRANSMA-

359 1279 507 1320 RINIS
536 1278 690 1316 nemini
721 1277 848 1316 credo
879 1275 1092 1316 videbitur
1116 1277 1261 1317 eadem
1286 1290 1378 1318 esse
1406 1291 1454 1317 ac
1465 1278 1615 1319 Oratio

359 1359 466 1400 quae
484 1345 669 1397 sequitur
685 1343 759 1380 DE
771 1341 1139 1381 HEREDITATE
1161 1344 1446 1392 MATIDIAE,
1475 1343 1518 1381 in
1535 1357 1617 1396 qua

358 1412 520 1465 pariter
549 1409 682 1461 agitur
721 1408 774 1446 de
802 1415 1074 1446 testamento:
1116 1421 1289 1461 namque
1320 1408 1422 1448 haec
1451 1408 1619 1462 Scripta

358 1478 472 1517 inter
502 1489 548 1515 se
577 1487 666 1518 esse
697 1473 862 1512 diversa
890 1474 987 1512 satis
1018 1472 1296 1512 consideranti
1326 1483 1511 1526 apparet.
1560 1475 1617 1512 Ut

359 1542 495 1582 omnis
522 1551 662 1581 tamen
688 1539 893 1592 suspicio,
934 1538 1048 1593 siqua
1078 1539 1236 1579 obor'rri
1269 1548 1424 1591 potest,
1465 1539 1616 1593 dispel-

359 1609 489 1657 latur,
518 1619 693 1654 moneo,
724 1618 794 1644 me
821 1603 1008 1658 priorem
1037 1605 1078 1642 in
1108 1604 1290 1643 secundo
1307 1604 1438 1645 Libro
1449 1605 1616 1658 Epistu-

357 1674 493 1713 larum
521 1672 572 1712 ad
583 1673 781 1719 Marcum,
811 1670 982 1710 alteram
1010 1670 1053 1708 in
1081 1670 1218 1724 primo
1246 1671 1472 1711 invenisse.
1497 1671 1615 1729 Quae

357 1753 428 1779 res
456 1751 542 1779 non
563 1752 700 1787 unum,
729 1736 805 1778 sed
823 1736 904 1776 duo
918 1737 1084 1788 Scripta
1109 1735 1326 1776 evidenter
1341 1735 1611 1776 demonstrat.
