1708 3028
369 265 448 307 266
743 266 822 306 DE
851 266 1240 310 ORATIONIBUS

366 385 658 458 diligenter
673 390 953 443 examinat
968 388 1016 442 ’ἦ
1043 392 1162 445 IUS
1169 391 1322 464 QUE
1337 393 1618 448 DATUM

365 481 623 525 SCELERI
656 482 727 541 Q·
758 485 978 526 Annaeus
1014 481 1093 524 ait.
1158 485 1337 527 Contra
1369 484 1619 531 Sallustius

364 559 582 614 OMNE
617 561 731 616 [US
760 563 839 614 IN
870 563 1398 618 VALIDIORfflUS
1422 565 1612 618 ESSE.

361 651 677 704 Gallicanus
694 650 916 721 quidam
930 651 1342 716 declamatoro),
1361 673 1487 706 cum
1498 655 1613 707 Ma·—

359 739 595 793 cedones
637 740 1018 804 deliberantis,
1067 744 1387 797 Alexandro
1413 743 1612 797 morbo

358 842 581 883 mortuo,
618 846 678 875 an
710 830 1008 890 Babylonem
1030 869 1039 879 .
1069 869 1076 879 .
1103 867 1112 876 .
1141 836 1298 894 QUID
1324 838 1376 880 SI
1405 837 1614 880 UTENS

357 913 522 967 COM
536 954 548 966 .
566 953 578 966 .
595 953 607 964 .
623 914 765 967 NES
778 916 976 986 inquit,
1001 915 1319 969 FACTUM
1329 915 1486 969 EST.
1508 917 1615 973 Εσ-

356 1002 483 1056 dem
496 1001 604 1055 hoc
615 1003 1187 1076 ve1-b0...CLA(UDI)
1200 1007 1612 1066 ait‚FACTUM

351 1093 512 1146 EST.
530 1134 541 1145 .
557 1134 569 1145 .
587 1135 598 1146 .
617 1091 1461 1164 (commem0)1·abile.TIBERIS
1472 1095 1612 1148 EST

352 1183 902 1240 TUSCETIBERIS
925 1203 1091 1255 quem
1117 1184 1271 1237 iubes
1296 1185 1609 1242 CLUDnn..
1665 1168 1668 1169 *

496 1366 519 1389 ”¹
553 1368 614 1411 In
651 1367 908 1426 margine:
956 1368 1092 1411 Multa
1127 1379 1224 1411 sunt
1257 1367 1406 1410 similia

613 1445 812 1501 sinceris,
862 1446 943 1488 nisi
987 1444 1269 1503 scrupulosius
1307 1462 1402 1487 exa-

611 1523 837 1575 minentur.

397 1688 463 1741 (ι)
494 1689 722 1729 Frontonis
754 1690 944 1744 Epistula
974 1704 1070 1728 xxv.
1103 1690 1199 1730 Lib.
1226 1691 1258 1730 1.
1292 1689 1344 1728 ad
1360 1689 1523 1728 Amicos
1548 1687 1608 1726 in-

342 1752 542 1794 scribitur
566 1756 804 1797 Gallicano.
862 1756 918 1795 Et
948 1755 1116 1810 quidem
1146 1755 1188 1794 in
1219 1769 1266 1795 ea
1293 1743 1431 1795 serino
1459 1763 1523 1792 est
1553 1753 1606 1792 de

343 1819 525 1874 quodam
565 1821 734 1870 novello
773 1830 966 1870 oratore,
1020 1822 1091 1875 qui
1120 1822 1286 1861 videtui·
1313 1820 1423 1859 filius
1453 1818 1606 1867 fuisse,

342 1885 377 1924 si
409 1887 546 1926 minus
577 1887 819 1941 discipulus,
854 1889 1070 1928 Gallicani
1098 1887 1208 1938 (nam
1231 1888 1390 1925 Fronto
1417 1885 1606 1925 masculis

340 1949 488 1991 liberis
515 1953 682 2006 caruit).
717 1951 826 1995 Vide
848 1961 890 1992 et
906 1965 1013 2006 quae
1042 1951 1099 1992 ibi
1130 1951 1418 1992 adnotavimus
1438 1949 1490 1989 de
1510 1963 1605 1990 con-

334 2017 476 2056 sulam
504 2019 625 2057 unius
655 2027 724 2058 aut
749 2019 874 2058 etiam
885 2006 1074 2058 'alterius
1099 2015 1325 2059 Gallicani.
1355 2017 1459 2055 Nam
1485 2023 1603 2055 certe

340 2083 420 2122 sub
437 2083 652 2124 Hadriano
680 2093 722 2125 et
738 2085 960 2125 Antoninis
992 2096 1157 2136 magnos
1186 2082 1367 2121 honores
1382 2081 1602 2134 Sophistae

339 2150 552 2190 consecuti
584 2159 694 2191 sunt.
742 2150 995 2205 Suspicabar
1024 2150 1078 2189 et‘
1159 2179 1170 2198 ‚
1215 2149 1479 2191 Gallicanum
1508 2147 1603 2186 heic

339 2227 432 2255 esse
474 2228 629 2256 nomen
667 2217 826 2270 gentile
866 2230 946 2270 pro
991 2162 1183 2267 Ham,
1239 2223 1280 2254 et
1323 2213 1448 2253 tacite
1487 2211 1602 2252 innui

341 2282 551 2322 Gallicum
594 2282 827 2335 sophistam
866 2283 1116 2322 Favorinum
1162 2280 1479 2332 Arelatensem,
1532 2277 1607 2333 qui

336 2346 564 2388 Frontonis
590 2346 670 2388 fuit
697 2348 883 2404 aequalis
911 2356 953 2388 et
981 2346 1209 2387 familiaris.

389 2413 459 2466 (2)
487 2413 611 2454 Haud
656 2415 744 2455 scio
794 2429 846 2454 an
895 2413 1000 2454 haec
1044 2411 1284 2453 referantur
1333 2410 1385 2450 ad
1435 2408 1601 2449 Tiberis

334 2473 669 2529 inundationem,
731 2494 854 2536 quam
916 2481 1080 2520 Marcus
1137 2476 1441 2525 coercendam,
1503 2475 1599 2526 lege

333 2544 475 2600 aliqua
512 2545 693 2588 iusserit.
762 2546 893 2588 Certe
933 2545 1009 2587 sub
1043 2543 1172 2586 initiis
1197 2541 1368 2597 imperii
1395 2540 1596 2584 Divorum
