1664 3074
549 233 1013 276 NEGLEGENTIAE
1338 236 1412 284 371

122 360 674 417 NEGLEGENTIA
706 359 862 414 bono
886 373 1088 432 gmere
1115 371 1276 425 nata,
1302 362 1406 415 Dis

122 477 384 539 accepta,
437 462 788 538 sapientibus
824 461 1091 537 probata,
1132 465 1410 518 virtutum

118 572 439 645 particePS,
471 567 857 641 indulgentiae
875 569 1167 639 magistra,
1188 579 1314 621 tuta
1339 567 1410 622 ab

121 675 367 754 insidfflis,
434 688 705 747 grataque
751 671 1090 736 benefactis,
1141 687 1411 726 excusata

121 781 386 851 ingratis,
437 793 496 832 et
529 776 600 830 ad
639 789 991 851 postremum
1024 795 1196 830 aurea
1233 775 1410 830 decla-

120 894 277 936 ratur
325 893 387 941 (ι)
429 922 443 935 .
480 923 492 936 .
534 923 546 936 .
583 923 596 934 .
620 916 645 935 -.
682 916 706 934 .-
734 922 746 934 .
785 922 797 934 .
832 922 845 934 .
879 921 890 934 .
935 877 1005 932 de
1043 880 1314 933 Favorini
1352 887 1414 936 (π)

119 987 300 1041 nostri
361 985 669 1059 pigmentis
732 983 850 1038 fuci
905 984 1171 1056 quisnam
1210 985 1411 1057 appin-

122 1085 317 1163 geret?
371 1087 725 1162 (Vide)licet,
783 1101 851 1142 ut
896 1107 1156 1162 quaeque
1203 1090 1411 1143 mulier

121 1195 295 1268 magis
333 1193 478 1248 facie
517 1192 665 1247 freta
705 1205 818 1255 est,
859 1193 939 1245 ita
977 1190 1196 1271 facilius
1220 1208 1409 1247 cutem

122 1313 181 1353 et
213 1298 483 1372 capillum
518 1297 828 1369 neglegere.
903 1296 1190 1369 Plerisque
1219 1310 1409 1351 autem

73 1382 75 1384 ι
120 1415 188 1456 ut
224 1420 342 1456 sese
369 1394 712 1472 magnopere
734 1411 1042 1463 exornent,
1085 1396 1410 1456 diffidentia

122 1506 339 1572 formae
359 1504 682 1577 diligentiae
701 1501 1013 1558 inlecebras
1027 1507 1219 1558 creari.
1254 1507 1409 1581 Myr-

122 1624 247 1665 tum
267 1609 605 1681 buxumque
628 1622 922 1680 ceteraque
941 1608 1169 1661 tonsilia
1180 1607 1412 1664 arbusta

126 1725 296 1786 atque
316 1711 557 1783 virgulta
580 1731 798 1765 summa
818 1710 1108 1783 diligentia
1128 1725 1184 1766 et
1222 1712 1409 1767 studio

125 1813 272 1878 radi,
306 1816 501 1887 rigari,
545 1816 693 1868 comi
726 1814 916 1883 solita3
963 1812 1125 1867 humi
1155 1830 1407 1889 reptare,

68 1915 73 1918 ’
126 1931 227 1971 aut
255 1916 469 1972 ibidem
501 1916 655 1972 haud
680 1917 882 1992 procul
909 1937 941 1971 a
969 1918 1087 1972 solo
1112 1922 1409 1975 cacumina

127 2023 363 2093 erigere:
425 2035 483 2075 at
541 2022 665 2076 illas
717 2023 970 2075 intonsas
1024 2020 1266 2088 abietes,
1315 2046 1409 2080 ne-

128 2125 644 2202 glectasquepiceas
661 2137 834 2197 caput
856 2126 1142 2179 aemulum
1163 2126 1412 2182 nubibus

126 2226 350 2282 abdere.
438 2227 572 2281 Non
601 2246 782 2300 aeque
814 2228 1105 2302 diligentes
1140 2229 1211 2283 ad
1244 2251 1411 2303 quae-

128 2329 370 2384 rendum
406 2332 622 2384 victum
645 2343 702 2384 et
723 2331 1202 2404 comparcendum
1221 2333 1412 2388 cibum

186 2477 254 2529 (ι)
283 2477 351 2517 Ex
385 2475 541 2515 horum
579 2476 766 2529 capitum
804 2476 1056 2517 recensione
1105 2478 1409 2530 cognoscimus

133 2539 290 2586 quanta
319 2545 416 2584 pars
447 2530 606 2584 Operis
634 2530 921 2573 desideretur.

189 2600 254 2652 (α)
282 2597 615 2651 Pigmentarium
646 2597 870 2652 quemdam
897 2595 1094 2652 designat
1123 2598 1304 2640 Fronto.
