1708 3028
578 276 864 319 LIBER
917 278 978 317 11.
1341 279 1425 320 255

147 403 299 460 Nolo
330 402 473 457 mihi
513 401 690 469 dicas,
756 401 908 478 apud
947 416 1006 457 te
1047 401 1166 476 ipse
1205 416 1423 477 reputa.

127 498 267 571 *Ego
291 495 430 552 illud
452 496 713 572 praedico
728 541 742 562 ,
795 516 973 571 quom
997 497 1271 570 plurimos
1295 498 1429 549 ami-

149 607 245 644 cos
288 591 351 643 in
390 589 499 644 hac
543 589 842 663 disciplina
871 591 1121 643 tenueris
1165 631 1176 642 .
1221 631 1234 642 .
1279 631 1292 643 .
1339 590 1428 642 An

146 682 256 737 tibi
295 701 461 756 saepe
501 722 515 735 .
563 724 576 736 .
623 724 636 738 .
682 683 925 755 supersit
960 724 972 735 .
1007 724 1019 736 .
1058 724 1069 736 .
1107 723 1120 736 .
1147 694 1342 736 tamen
1385 683 1430 735 si

149 774 384 830 dixisses
417 793 854 849 nonnumquam
887 817 900 829 .
933 816 947 829 .
981 817 996 840 ,
1021 815 1034 828 .
1059 776 1190 829 satis
1230 793 1431 829 consu-

147 868 341 923 luisses
376 909 390 922 .
432 909 445 922 .
483 909 496 922 .
533 870 578 922 is
609 911 622 922 .
661 910 675 923 .
710 910 723 923 .
760 859 979 942 fsupra
1131 909 1143 923 .
1187 910 1200 923 .
1247 865 1432 921 adhuc

147 959 403 1015 modum.
444 962 657 1015 Verum
686 963 856 1015 etiam
891 979 1060 1035 saepe
1098 962 1186 1014 vir
1217 962 1434 1034 sapien-

147 1054 396 1108 tissimus
430 1095 443 1108 .
476 1095 498 1107 x.
535 1094 547 1107 .
582 1056 791 1118 nescit,
849 1072 1004 1108 novo
1044 1054 1213 1128 plane
1243 1051 1430 1107 modo,

149 1144 262 1200 Sed
294 1147 342 1199 si
382 1147 463 1199 ita
501 1165 588 1200 res
622 1146 877 1201 tulerunt
917 1189 932 1202 .
975 1189 990 1202 .
1040 1188 1053 1202 .
1097 1187 1111 1202 .
1152 1145 1224 1201 de
1254 1160 1434 1220 puteo

151 1256 382 1310 quoque
403 1270 425 1292 ·.
459 1280 473 1291 .
508 1279 521 1291 .
557 1280 570 1292 .
605 1239 815 1326 Puteus
855 1241 984 1294 istic
1024 1241 1216 1293 minus
1246 1238 1438 1294 sorde-

148 1332 451 1384 ret...si
499 1332 628 1384 ita.
670 1333 1030 1387 ...Verum-
1074 1374 1086 1387 .
1131 1373 1144 1386 .
1192 1373 1204 1386 .
1251 1374 1263 1386 .
1310 1344 1436 1386 tum

147 1420 288 1475 mihi
325 1464 338 1476 .
380 1464 392 1476 .
432 1463 449 1476 .
494 1464 507 1477 .
547 1420 583 1453 ’ὅ
630 1464 643 1477 .
680 1465 691 1477 .
730 1466 743 1477 .
774 1426 1076 1480 sententias
1106 1426 1436 1498 inopinatas

150 1513 269 1568 aliis
299 1528 632 1589 expectata&
690 1517 880 1572 Tanto
912 1518 1091 1572 maius
1122 1516 1436 1591 periculum

150 1608 447 1661 sententiis
477 1608 655 1673 inest,
717 1609 828 1663 nisi
855 1605 1292 1681 figurationibus
1319 1627 1438 1662 mo-

153 1697 358 1752 deratis
390 1697 809 1773 temperant-ur}
847 1703 1073 1757 Graecis
1105 1701 1290 1756 verbis
1328 1699 1438 1755 for·

153 1804 301 1845 tasse
337 1795 586 1864 apertius
628 1789 981 1865 significabo:
1045 1797 1116 1844 τὰ
1159 1795 1311 1845 καινὰ
1353 1795 1439 1842 καὶ

156 1878 420 1947 παράδοξα
448 1886 553 1931 τῶν
585 1884 940 1946 ἐνθυμημάτων
977 1888 1020 1933 εἱ
1057 1921 1068 1932 .
1107 1920 1118 1930 .
1152 1921 1162 1930 .
1196 1884 1247 1932 π’
1277 1883 1439 1930 ἑαυτὰ

155 1968 261 2012 πλα
304 2001 314 2011 .
359 2001 370 2011 .
415 2002 426 2012 .
474 1985 535 2014 πε
583 1964 1438 2022 ηπιθαν...δὲτὸοι...τὶ

152 2053 240 2101 καὶ
262 2089 274 2100 .
306 2089 317 2101 .
339 2089 351 2101 .
374 2071 494 2103 πειπ
515 2089 526 2101 .
551 2090 562 2100 .
587 2090 598 2101 .
637 2052 765 2106 Hoc
795 2072 900 2128 ego
930 2055 1086 2108 anim
1120 2094 1134 2108 .
1171 2094 1183 2107 .
1221 2095 1235 2107 .
1268 2052 1438 2107 nullis

361 2335 386 2402 *f
418 2338 482 2384 In
516 2342 783 2403 margine:
831 2346 885 2390 de
923 2345 1117 2389 Amicitia
1152 2351 1227 2396 (ι).

212 2606 282 2659 (1)
311 2607 447 2648 Periit
478 2609 595 2651 100118
625 2615 678 2655 de
699 2616 907 2656 amicicia,
