1708 3028
668 220 953 284 LIBER
1011 245 1043 287 1.
1418 243 1500 287 235

199 369 496 441 -cuiusque
515 368 957 432 accommodata,
977 381 1222 442 possunt
1241 364 1501 437 omnium

219 479 338 515 esse
371 463 724 526 communia,
756 461 852 516 sed
879 461 1098 515 diversa
1117 474 1254 515 sun-t
1278 474 1335 515 et
1356 480 1503 533 quae

200 558 546 610 *communia
565 555 847 609 omnibus
888 554 1060 608 Aliud
1077 553 1387 628 prandium
1408 573 1503 625 gu·

217 648 508 703 bernatori
549 662 881 712 commune,
943 660 1000 701 et
1040 647 1194 701 aliud
1224 646 1398 720 pugili
1432 645 1505 699 de

217 741 446 812 integris
486 741 777 814 tegoribus
818 757 894 799 (ι).
972 739 1146 794 Aliud
1183 736 1507 814 prandendi

216 844 472 906 tempus,
515 834 622 887 alia
650 834 884 899 lavatiO,
927 834 1067 888 alius
1098 853 1357 896 somnus,
1400 832 1506 884 alia

216 926 590 1000 pervigilatiO.
636 927 945 982 Considera
964 929 1164 1000 igitur,
1199 947 1274 982 an
1307 927 1370 979 in
1398 923 1506 977 hac

217 1018 471 1072 secunda
507 1020 733 1074 ratione
773 1017 1098 1111 officigrum
1143 1012 1508 1073 contineatur

217 1110 580 1182 eloquentiae
611 1110 879 1164 studium.
929 1112 1079 1166 Nam
1100 1112 1403 1166 Caesarum
1423 1122 1510 1163 est

220 1205 283 1256 in
315 1218 517 1267 senatu
553 1222 698 1276 quae
737 1224 766 1257 e
807 1225 870 1258 re
908 1217 1045 1275 sunt
1086 1203 1350 1267 suadere,
1407 1220 1509 1276 po-

218 1287 427 1370 pulum⁴
454 1297 526 1351 de
551 1298 839 1370 plerisque
871 1297 1112 1368 negotiis
1140 1298 1203 1350 in
1230 1298 1508 1348 concione

222 1390 537 1463 appellare,
600 1391 686 1442 ius
726 1390 1006 1443 iniustum
1041 1390 1351 1462 corripere,
1408 1407 1510 1461 per

222 1482 423 1536 orbem
471 1495 656 1559 terrae
709 1483 923 1536 litteras
974 1483 1282 1553 missitare,
1358 1481 1509 1552 leges

221 1565 540 1630 ceterarum
562 1576 819 1648 gentium
841 1575 1198 1649 compellare,
1225 1575 1510 1629 sociorum

221 1667 418 1741 culpas
467 1666 661 1720 edictis
706 1685 989 1731 coercere,
1026 1666 1356 1727 'benefacta
1394 1667 1511 1720 lau·

223 1759 384 1823 dare,
427 1758 716 1814 seditiosos
737 1779 1122 1832 compescere,
1162 1759 1379 1814 feroces
1403 1772 1511 1812 ter-

224 1854 410 1907 ritare.
466 1852 674 1905 Omnia
712 1854 817 1905 ista
852 1850 1111 1925 profecto
1152 1852 1337 1925 verbis
1377 1840 1513 1907 sunt

226 1966 291 1999 ac
335 1935 536 2028 litteris
582 1926 816 2017 agenda.
887 1944 1022 1998 Non
1070 1943 1512 2017 excoles'igitur

223 2038 310 2102 id,
361 2026 518 2111 quo'll
545 2036 651 2091 tibi
688 2038 897 2090 totiens
925 2039 1214 2111 tantiSque
1251 2039 1311 2091 in
1343 2038 1510 2092 rebus

223 2129 425 2202 videas¹
451 2148 657 2204 magno
692 2131 824 2184 usui
865 2126 1173 2186 futurum?
1233 2132 1324 2184 An
1366 2129 1513 2184 nihil

225 2212 433 2278 referre
471 2215 790 2288 arbitraris,
842 2223 1103 2296 qualibus
1137 2222 1323 2277 verbis
1356 2243 1511 2296 agzm,

283 2573 352 2641 (ι)
381 2576 447 2615 Ita
476 2575 582 2617 eod,
617 2589 701 2632 pro
738 2577 986 2630 tergoribus
1011 2583 1163 2617 vetere
1192 2573 1512 2629 orthographia.
