<?xml version="1.0" encoding="UTF-8"?>
<!DOCTYPE html PUBLIC "-//W3C//DTD XHTML 1.0 Transitional//EN"
    "http://www.w3.org/TR/xhtml1/DTD/xhtml1-transitional.dtd">
<html xmlns="http://www.w3.org/1999/xhtml" xml:lang="en" lang="en">
 <head>
  <title>
</title>
<meta http-equiv="Content-Type" content="text/html;charset=utf-8" />
  <meta name='ocr-system' content='tesseract 3.04.00' />
  <meta name='ocr-capabilities' content='ocr_page ocr_carea ocr_par ocr_line ocrx_word'/>
</head>
<body>
  <div class='ocr_page' id='page_1' title='image "./operaomnia02horauoft_0136.png"; bbox 0 0 1604 3060; ppageno 0'>
   <div class='ocr_carea' id='block_1_1' title="bbox 237 219 1052 269">
    <p class='ocr_par' dir='ltr' id='par_1_1' title="bbox 237 219 1052 269">
     <span class='ocr_line' id='line_1_1' title="bbox 237 219 1052 269; baseline -0.004 -7"><span class='ocrx_word' id='word_1_1' title='bbox 237 221 318 269; x_wconf 76' lang='lat'>344</span> <span class='ocrx_word' id='word_1_2' title='bbox 681 219 1052 261; x_wconf 70' lang='lat' dir='ltr'>anmpm</span> 
     </span>
    </p>
   </div>
   <div class='ocr_carea' id='block_1_2' title="bbox 563 341 1139 405">
    <p class='ocr_par' dir='ltr' id='par_1_2' title="bbox 563 341 1139 405">
     <span class='ocr_line' id='line_1_2' title="bbox 563 341 1139 405; baseline 0 -3"><span class='ocrx_word' id='word_1_3' title='bbox 563 379 566 384; x_wconf 96' lang='lat'>-</span> <span class='ocrx_word' id='word_1_4' title='bbox 604 343 1008 405; x_wconf 80' lang='lat' dir='ltr'><strong>FRAGMENTUM</strong></span> <span class='ocrx_word' id='word_1_5' title='bbox 1057 341 1139 402; x_wconf 69' lang='lat'><strong>111⁴.</strong></span> 
     </span>
    </p>
   </div>
   <div class='ocr_carea' id='block_1_3' title="bbox 247 471 1564 1495">
    <p class='ocr_par' dir='ltr' id='par_1_3' title="bbox 247 471 1564 1495">
     <span class='ocr_line' id='line_1_3' title="bbox 318 471 1491 601; baseline -0.002 -17"><span class='ocrx_word' id='word_1_6' title='bbox 318 471 638 584; x_wconf 78' lang='lat' dir='ltr'>NECDUM</span> <span class='ocrx_word' id='word_1_7' title='bbox 653 543 710 587; x_wconf 82' lang='grc' dir='ltr'>(ι)</span> <span class='ocrx_word' id='word_1_8' title='bbox 734 532 899 584; x_wconf 84' lang='lat' dir='ltr'>etiam</span> <span class='ocrx_word' id='word_1_9' title='bbox 923 543 1043 583; x_wconf 71' lang='lat' dir='ltr'>tum</span> <span class='ocrx_word' id='word_1_10' title='bbox 1056 527 1307 601; x_wconf 85' lang='lat' dir='ltr'>profecto</span> <span class='ocrx_word' id='word_1_11' title='bbox 1323 529 1491 582; x_wconf 86' lang='lat' dir='ltr'>enim-</span> 
     </span>
     <span class='ocr_line' id='line_1_4' title="bbox 250 618 1495 691; baseline 0.001 -22"><span class='ocrx_word' id='word_1_12' title='bbox 250 636 378 670; x_wconf 82' lang='lat' dir='ltr'>vero</span> <span class='ocrx_word' id='word_1_13' title='bbox 433 638 558 671; x_wconf 81' lang='lat' dir='ltr'>cum</span> <span class='ocrx_word' id='word_1_14' title='bbox 609 639 868 691; x_wconf 75' lang='lat' dir='ltr'><strong>praesens</strong></span> <span class='ocrx_word' id='word_1_15' title='bbox 912 621 1184 672; x_wconf 81' lang='lat' dir='ltr'>Traianus</span> <span class='ocrx_word' id='word_1_16' title='bbox 1221 618 1495 691; x_wconf 82' lang='lat' dir='ltr'><strong>Euphrati</strong></span> 
     </span>
     <span class='ocr_line' id='line_1_5' title="bbox 247 709 1496 781; baseline -0.002 -18"><span class='ocrx_word' id='word_1_17' title='bbox 247 721 306 763; x_wconf 80' lang='lat'>(²)</span> <span class='ocrx_word' id='word_1_18' title='bbox 335 721 390 760; x_wconf 81' lang='lat' dir='ltr'>et</span> <span class='ocrx_word' id='word_1_19' title='bbox 434 709 670 780; x_wconf 79' lang='lat' dir='ltr'>Tigridis</span> <span class='ocrx_word' id='word_1_20' title='bbox 709 712 958 781; x_wconf 82' lang='lat' dir='ltr'>portoria</span> <span class='ocrx_word' id='word_1_21' title='bbox 1001 729 1270 781; x_wconf 86' lang='lat' dir='ltr'>equorum</span> <span class='ocrx_word' id='word_1_22' title='bbox 1313 722 1370 763; x_wconf 87' lang='lat' dir='ltr'>et</span> <span class='ocrx_word' id='word_1_23' title='bbox 1413 726 1496 760; x_wconf 87' lang='lat' dir='ltr'><strong>ca·-</strong></span> 
     </span>
     <span class='ocr_line' id='line_1_6' title="bbox 248 799 1499 869; baseline -0.001 -19"><span class='ocrx_word' id='word_1_24' title='bbox 248 799 521 850; x_wconf 84' lang='lat' dir='ltr'>melorum</span> <span class='ocrx_word' id='word_1_25' title='bbox 559 799 792 869; x_wconf 82' lang='lat' dir='ltr'>trib(uta</span> <span class='ocrx_word' id='word_1_26' title='bbox 827 820 995 853; x_wconf 82' lang='lat' dir='ltr'>onera</span> <span class='ocrx_word' id='word_1_27' title='bbox 1009 839 1172 854; x_wconf 90' lang='grc'><strong>.....</strong></span> <span class='ocrx_word' id='word_1_28' title='bbox 1192 818 1280 852; x_wconf 86' lang='lat' dir='ltr'>cer</span> <span class='ocrx_word' id='word_1_29' title='bbox 1312 815 1499 851; x_wconf 87' lang='lat' dir='ltr'>caesus</span> 
     </span>
     <span class='ocr_line' id='line_1_7' title="bbox 249 886 1496 959; baseline -0.002 -18"><span class='ocrx_word' id='word_1_30' title='bbox 249 902 346 942; x_wconf 86' lang='lat' dir='ltr'>est.</span> <span class='ocrx_word' id='word_1_31' title='bbox 417 889 558 940; x_wconf 80' lang='lat' dir='ltr'>Illud</span> <span class='ocrx_word' id='word_1_32' title='bbox 603 888 834 959; x_wconf 73' lang='lat' dir='ltr'>(etiam)</span> <span class='ocrx_word' id='word_1_33' title='bbox 862 932 872 943; x_wconf 88' lang='lat'><strong>.</strong></span> <span class='ocrx_word' id='word_1_34' title='bbox 897 887 930 918; x_wconf 41' lang='grc' dir='ltr'>’κ</span> <span class='ocrx_word' id='word_1_35' title='bbox 955 931 966 942; x_wconf 93' lang='grc'><strong>.</strong></span> <span class='ocrx_word' id='word_1_36' title='bbox 995 932 1007 944; x_wconf 93' lang='grc'><strong>.</strong></span> <span class='ocrx_word' id='word_1_37' title='bbox 1033 903 1155 943; x_wconf 84' lang='lat' dir='ltr'>tum</span> <span class='ocrx_word' id='word_1_38' title='bbox 1194 889 1336 942; x_wconf 88' lang='lat' dir='ltr'>bello</span> <span class='ocrx_word' id='word_1_39' title='bbox 1379 886 1496 958; x_wconf 81' lang='lat' dir='ltr'>(in-</span> 
     </span>
     <span class='ocr_line' id='line_1_8' title="bbox 247 974 1513 1048; baseline -0.002 -18"><span class='ocrx_word' id='word_1_40' title='bbox 247 974 523 1048; x_wconf 83' lang='lat' dir='ltr'>cipiente)</span> <span class='ocrx_word' id='word_1_41' title='bbox 556 976 850 1031; x_wconf 80' lang='lat' dir='ltr'>histriones</span> <span class='ocrx_word' id='word_1_42' title='bbox 889 997 959 1030; x_wconf 82' lang='lat' dir='ltr'>ex</span> <span class='ocrx_word' id='word_1_43' title='bbox 992 978 1149 1032; x_wconf 82' lang='lat' dir='ltr'>Urbe</span> <span class='ocrx_word' id='word_1_44' title='bbox 1189 979 1247 1030; x_wconf 88' lang='lat' dir='ltr'>in</span> <span class='ocrx_word' id='word_1_45' title='bbox 1279 977 1513 1030; x_wconf 83' lang='lat' dir='ltr'>Suriam-</span> 
     </span>
     <span class='ocr_line' id='line_1_9' title="bbox 247 1064 1564 1139; baseline -0.002 -21"><span class='ocrx_word' id='word_1_46' title='bbox 247 1067 448 1118; x_wconf 84' lang='lat' dir='ltr'>accisse</span> <span class='ocrx_word' id='word_1_47' title='bbox 469 1078 541 1123; x_wconf 74' lang='grc'>(3).</span> <span class='ocrx_word' id='word_1_48' title='bbox 620 1066 732 1120; x_wconf 83' lang='lat' dir='ltr'>Sed</span> <span class='ocrx_word' id='word_1_49' title='bbox 766 1064 1020 1139; x_wconf 85' lang='lat' dir='ltr'>profecto</span> <span class='ocrx_word' id='word_1_50' title='bbox 1048 1069 1201 1129; x_wconf 78' lang='lat' dir='ltr'>siout</span> <span class='ocrx_word' id='word_1_51' title='bbox 1239 1065 1524 1122; x_wconf 63' lang='lat' dir='ltr'>arborum⁴</span> <span class='ocrx_word' id='word_1_52' title='bbox 1559 1106 1564 1111; x_wconf 92' lang='lat'><em>.</em></span> 
     </span>
     <span class='ocr_line' id='line_1_10' title="bbox 249 1142 1501 1227; baseline -0.001 -20"><span class='ocrx_word' id='word_1_53' title='bbox 249 1157 537 1209; x_wconf 82' lang='lat' dir='ltr'>altissimas</span> <span class='ocrx_word' id='word_1_54' title='bbox 569 1142 951 1209; x_wconf 67' lang='lat' dir='ltr'>vehementius</span> <span class='ocrx_word' id='word_1_55' title='bbox 977 1158 1157 1210; x_wconf 87' lang='lat' dir='ltr'>ventis</span> <span class='ocrx_word' id='word_1_56' title='bbox 1181 1156 1334 1227; x_wconf 87' lang='lat' dir='ltr'>quati</span> <span class='ocrx_word' id='word_1_57' title='bbox 1356 1153 1501 1207; x_wconf 86' lang='lat' dir='ltr'>vide-</span> 
     </span>
     <span class='ocr_line' id='line_1_11' title="bbox 248 1244 1555 1308; baseline -0.002 -10"><span class='ocrx_word' id='word_1_58' title='bbox 248 1264 371 1298; x_wconf 87' lang='lat' dir='ltr'>mus</span> <span class='ocrx_word' id='word_1_59' title='bbox 395 1286 408 1308; x_wconf 93' lang='lat'><strong>,</strong></span> <span class='ocrx_word' id='word_1_60' title='bbox 464 1247 541 1298; x_wconf 78' lang='lat' dir='ltr'>ita</span> <span class='ocrx_word' id='word_1_61' title='bbox 584 1247 813 1298; x_wconf 83' lang='lat' dir='ltr'>virtutes</span> <span class='ocrx_word' id='word_1_62' title='bbox 851 1247 1118 1299; x_wconf 81' lang='lat' dir='ltr'>maximas</span> <span class='ocrx_word' id='word_1_63' title='bbox 1158 1244 1366 1297; x_wconf 82' lang='lat' dir='ltr'>invidia</span> <span class='ocrx_word' id='word_1_64' title='bbox 1403 1245 1501 1296; x_wconf 83' lang='lat' dir='ltr'>cri·</span> <span class='ocrx_word' id='word_1_65' title='bbox 1550 1270 1555 1273; x_wconf 73' lang='grc'><strong>-</strong></span> 
     </span>
     <span class='ocr_line' id='line_1_12' title="bbox 250 1304 1501 1411; baseline -0.003 -24"><span class='ocrx_word' id='word_1_66' title='bbox 250 1336 518 1388; x_wconf 84' lang='lat' dir='ltr'>minosius</span> <span class='ocrx_word' id='word_1_67' title='bbox 538 1335 776 1387; x_wconf 77' lang='lat' dir='ltr'>incessit.</span> <span class='ocrx_word' id='word_1_68' title='bbox 820 1334 1082 1386; x_wconf 78' lang='lat' dir='ltr'>Ceterum</span> <span class='ocrx_word' id='word_1_69' title='bbox 1092 1304 1247 1411; x_wconf 50' lang='lat' dir='ltr'>&#39;lo</span> <span class='ocrx_word' id='word_1_70' title='bbox 1271 1353 1343 1386; x_wconf 82' lang='lat' dir='ltr'>an</span> <span class='ocrx_word' id='word_1_71' title='bbox 1365 1350 1501 1404; x_wconf 83' lang='lat' dir='ltr'>pace</span> 
     </span>
     <span class='ocr_line' id='line_1_13' title="bbox 249 1421 1501 1495; baseline -0.003 -18"><span class='ocrx_word' id='word_1_72' title='bbox 249 1425 446 1479; x_wconf 83' lang='lat' dir='ltr'>clarior</span> <span class='ocrx_word' id='word_1_73' title='bbox 478 1425 751 1478; x_wconf 80' lang='lat' dir='ltr'>Traianus</span> <span class='ocrx_word' id='word_1_74' title='bbox 781 1425 1081 1495; x_wconf 83' lang='lat' dir='ltr'>imperator</span> <span class='ocrx_word' id='word_1_75' title='bbox 1106 1421 1501 1481; x_wconf 78' lang='lat' dir='ltr'>existimandus</span> 
     </span>
    </p>
   </div>
   <div class='ocr_carea' id='block_1_4' title="bbox 486 1593 1266 1654">
    <p class='ocr_par' dir='ltr' id='par_1_4' title="bbox 486 1593 1266 1654">
     <span class='ocr_line' id='line_1_14' title="bbox 486 1593 1266 1654; baseline 0.001 -16"><span class='ocrx_word' id='word_1_76' title='bbox 486 1593 510 1618; x_wconf 81' lang='lat'>²⁸¹</span> <span class='ocrx_word' id='word_1_77' title='bbox 544 1595 606 1639; x_wconf 84' lang='lat' dir='ltr'>In</span> <span class='ocrx_word' id='word_1_78' title='bbox 640 1595 895 1654; x_wconf 78' lang='lat' dir='ltr'>margine:</span> <span class='ocrx_word' id='word_1_79' title='bbox 942 1600 1051 1640; x_wconf 81' lang='lat' dir='ltr'>Laus</span> <span class='ocrx_word' id='word_1_80' title='bbox 1084 1598 1266 1640; x_wconf 88' lang='lat' dir='ltr'>Traiani.</span> 
     </span>
    </p>
   </div>
   <div class='ocr_carea' id='block_1_5' title="bbox 253 1761 1507 2534">
    <p class='ocr_par' dir='ltr' id='par_1_5' title="bbox 309 1761 1504 1872">
     <span class='ocr_line' id='line_1_15' title="bbox 309 1761 1504 1819; baseline 0.002 -19"><span class='ocrx_word' id='word_1_81' title='bbox 309 1761 374 1816; x_wconf 76' lang='lat' dir='ltr'>(r.)</span> <span class='ocrx_word' id='word_1_82' title='bbox 404 1761 495 1802; x_wconf 87' lang='lat' dir='ltr'>Nisi</span> <span class='ocrx_word' id='word_1_83' title='bbox 522 1763 633 1804; x_wconf 82' lang='lat' dir='ltr'>forte</span> <span class='ocrx_word' id='word_1_84' title='bbox 651 1778 730 1819; x_wconf 82' lang='lat' dir='ltr'>pro</span> <span class='ocrx_word' id='word_1_85' title='bbox 754 1767 928 1806; x_wconf 79' lang='lat' dir='ltr'>necdum</span> <span class='ocrx_word' id='word_1_86' title='bbox 954 1763 1175 1817; x_wconf 83' lang='lat' dir='ltr'>legendum</span> <span class='ocrx_word' id='word_1_87' title='bbox 1204 1771 1265 1804; x_wconf 86' lang='lat' dir='ltr'>est</span> <span class='ocrx_word' id='word_1_88' title='bbox 1291 1763 1334 1802; x_wconf 89' lang='lat' dir='ltr'>in</span> <span class='ocrx_word' id='word_1_89' title='bbox 1347 1762 1504 1804; x_wconf 77' lang='lat' dir='ltr'>Codice</span> 
     </span>
     <span class='ocr_line' id='line_1_16' title="bbox 343 1829 1086 1872; baseline -0.003 -2"><span class='ocrx_word' id='word_1_90' title='bbox 343 1859 353 1870; x_wconf 91' lang='lat'>.</span> <span class='ocrx_word' id='word_1_91' title='bbox 385 1863 395 1872; x_wconf 90' lang='lat'><strong>.</strong></span> <span class='ocrx_word' id='word_1_92' title='bbox 425 1843 585 1871; x_wconf 82' lang='lat' dir='ltr'>nemum</span> <span class='ocrx_word' id='word_1_93' title='bbox 615 1829 860 1869; x_wconf 87' lang='lat' dir='ltr'>vocabulum</span> <span class='ocrx_word' id='word_1_94' title='bbox 888 1830 1086 1869; x_wconf 87' lang='lat' dir='ltr'>mutilum.</span> 
     </span>
    </p>

    <p class='ocr_par' dir='ltr' id='par_1_6' title="bbox 253 1891 1504 2013">
     <span class='ocr_line' id='line_1_17' title="bbox 308 1891 1504 1949; baseline 0.003 -18"><span class='ocrx_word' id='word_1_95' title='bbox 308 1891 379 1945; x_wconf 57' lang='grc' dir='ltr'>(Β)</span> <span class='ocrx_word' id='word_1_96' title='bbox 408 1895 493 1933; x_wconf 88' lang='lat' dir='ltr'>Pro</span> <span class='ocrx_word' id='word_1_97' title='bbox 521 1897 774 1949; x_wconf 70' lang='lat' dir='ltr'>Euphratis.</span> <span class='ocrx_word' id='word_1_98' title='bbox 805 1895 1052 1934; x_wconf 85' lang='lat' dir='ltr'>Huiusmodi</span> <span class='ocrx_word' id='word_1_99' title='bbox 1079 1895 1283 1947; x_wconf 79' lang='lat' dir='ltr'>genitivos</span> <span class='ocrx_word' id='word_1_100' title='bbox 1311 1908 1426 1934; x_wconf 86' lang='lat' dir='ltr'>casus</span> <span class='ocrx_word' id='word_1_101' title='bbox 1446 1895 1504 1936; x_wconf 86' lang='lat' dir='ltr'>vi-</span> 
     </span>
     <span class='ocr_line' id='line_1_18' title="bbox 253 1955 983 2013; baseline 0.01 -18"><span class='ocrx_word' id='word_1_102' title='bbox 253 1955 387 1997; x_wconf 88' lang='lat' dir='ltr'>dimus</span> <span class='ocrx_word' id='word_1_103' title='bbox 416 1958 459 1997; x_wconf 88' lang='lat' dir='ltr'>in</span> <span class='ocrx_word' id='word_1_104' title='bbox 488 1961 704 2000; x_wconf 80' lang='lat' dir='ltr'>Frontone</span> <span class='ocrx_word' id='word_1_105' title='bbox 734 1959 983 2013; x_wconf 87' lang='lat' dir='ltr'>complures.</span> 
     </span>
    </p>

    <p class='ocr_par' dir='ltr' id='par_1_7' title="bbox 255 2022 1507 2534">
     <span class='ocr_line' id='line_1_19' title="bbox 307 2022 1504 2074; baseline -0.001 -10"><span class='ocrx_word' id='word_1_106' title='bbox 307 2022 371 2074; x_wconf 87' lang='lat'>(3)</span> <span class='ocrx_word' id='word_1_107' title='bbox 407 2025 503 2064; x_wconf 75' lang='lat' dir='ltr'>Hoc</span> <span class='ocrx_word' id='word_1_108' title='bbox 531 2026 598 2065; x_wconf 87' lang='lat' dir='ltr'>vel</span> <span class='ocrx_word' id='word_1_109' title='bbox 627 2026 681 2065; x_wconf 85' lang='lat' dir='ltr'>de</span> <span class='ocrx_word' id='word_1_110' title='bbox 709 2025 886 2064; x_wconf 84' lang='lat' dir='ltr'>Traiano</span> <span class='ocrx_word' id='word_1_111' title='bbox 920 2025 1092 2074; x_wconf 75' lang='lat' dir='ltr'>dicitur,</span> <span class='ocrx_word' id='word_1_112' title='bbox 1121 2024 1189 2064; x_wconf 81' lang='lat' dir='ltr'>vel</span> <span class='ocrx_word' id='word_1_113' title='bbox 1216 2023 1270 2064; x_wconf 84' lang='lat' dir='ltr'>de</span> <span class='ocrx_word' id='word_1_114' title='bbox 1297 2026 1344 2063; x_wconf 92' lang='lat' dir='ltr'>L.</span> <span class='ocrx_word' id='word_1_115' title='bbox 1377 2025 1504 2073; x_wconf 84' lang='lat' dir='ltr'>Vero,</span> 
     </span>
     <span class='ocr_line' id='line_1_20' title="bbox 255 2087 1506 2144; baseline 0.002 -16"><span class='ocrx_word' id='word_1_116' title='bbox 255 2088 325 2128; x_wconf 83' lang='lat' dir='ltr'>vel</span> <span class='ocrx_word' id='word_1_117' title='bbox 355 2087 408 2128; x_wconf 81' lang='lat' dir='ltr'>de</span> <span class='ocrx_word' id='word_1_118' title='bbox 444 2098 639 2144; x_wconf 83' lang='lat' dir='ltr'>utroque.</span> <span class='ocrx_word' id='word_1_119' title='bbox 699 2090 920 2141; x_wconf 80' lang='lat' dir='ltr'>Traianum</span> <span class='ocrx_word' id='word_1_120' title='bbox 949 2088 1219 2129; x_wconf 81' lang='lat' dir='ltr'>histrionibus</span> <span class='ocrx_word' id='word_1_121' title='bbox 1251 2089 1506 2131; x_wconf 82' lang='lat' dir='ltr'>delectatum</span> 
     </span>
     <span class='ocr_line' id='line_1_21' title="bbox 255 2155 1507 2209; baseline 0.002 -17"><span class='ocrx_word' id='word_1_122' title='bbox 255 2163 398 2193; x_wconf 83' lang='lat' dir='ltr'>narrat</span> <span class='ocrx_word' id='word_1_123' title='bbox 435 2156 593 2194; x_wconf 76' lang='lat' dir='ltr'>Fronto</span> <span class='ocrx_word' id='word_1_124' title='bbox 631 2155 673 2194; x_wconf 90' lang='lat' dir='ltr'>in</span> <span class='ocrx_word' id='word_1_125' title='bbox 712 2156 899 2209; x_wconf 83' lang='lat' dir='ltr'>Epistula</span> <span class='ocrx_word' id='word_1_126' title='bbox 933 2156 996 2195; x_wconf 80' lang='lat'>111.</span> <span class='ocrx_word' id='word_1_127' title='bbox 1026 2155 1205 2194; x_wconf 87' lang='lat' dir='ltr'>Alsiensi</span> <span class='ocrx_word' id='word_1_128' title='bbox 1230 2168 1271 2207; x_wconf 86' lang='lat' dir='ltr'>p.</span> <span class='ocrx_word' id='word_1_129' title='bbox 1307 2156 1395 2197; x_wconf 73' lang='lat'>181.</span> <span class='ocrx_word' id='word_1_130' title='bbox 1450 2156 1507 2195; x_wconf 83' lang='lat' dir='ltr'>Et</span> 
     </span>
     <span class='ocr_line' id='line_1_22' title="bbox 257 2219 1507 2275; baseline 0 -18"><span class='ocrx_word' id='word_1_131' title='bbox 257 2219 425 2272; x_wconf 79' lang='lat' dir='ltr'>quidem</span> <span class='ocrx_word' id='word_1_132' title='bbox 450 2234 498 2259; x_wconf 85' lang='lat' dir='ltr'>ea</span> <span class='ocrx_word' id='word_1_133' title='bbox 516 2221 685 2272; x_wconf 82' lang='lat' dir='ltr'>hyeme,</span> <span class='ocrx_word' id='word_1_134' title='bbox 717 2232 836 2275; x_wconf 65' lang='lat' dir='ltr'>quem</span> <span class='ocrx_word' id='word_1_135' title='bbox 862 2221 946 2272; x_wconf 78' lang='lat' dir='ltr'>egit</span> <span class='ocrx_word' id='word_1_136' title='bbox 959 2219 1199 2260; x_wconf 82' lang='lat' dir='ltr'>Antiochiae</span> <span class='ocrx_word' id='word_1_137' title='bbox 1222 2228 1441 2275; x_wconf 82' lang='lat' dir='ltr'>antequam</span> <span class='ocrx_word' id='word_1_138' title='bbox 1463 2219 1507 2257; x_wconf 84' lang='lat' dir='ltr'>in</span> 
     </span>
     <span class='ocr_line' id='line_1_23' title="bbox 257 2278 1506 2339; baseline 0 -15"><span class='ocrx_word' id='word_1_139' title='bbox 257 2286 432 2325; x_wconf 78' lang='lat' dir='ltr'>Parthos</span> <span class='ocrx_word' id='word_1_140' title='bbox 454 2285 639 2336; x_wconf 84' lang='lat' dir='ltr'>duceret,</span> <span class='ocrx_word' id='word_1_141' title='bbox 657 2288 816 2326; x_wconf 72' lang='lat' dir='ltr'>theatro</span> <span class='ocrx_word' id='word_1_142' title='bbox 829 2286 1017 2339; x_wconf 84' lang='lat' dir='ltr'>impense</span> <span class='ocrx_word' id='word_1_143' title='bbox 1033 2285 1195 2325; x_wconf 79' lang='lat' dir='ltr'>dedisse</span> <span class='ocrx_word' id='word_1_144' title='bbox 1209 2278 1506 2337; x_wconf 69' lang='lat' dir='ltr'>operamvide-</span> 
     </span>
     <span class='ocr_line' id='line_1_24' title="bbox 257 2349 1507 2405; baseline 0 -16"><span class='ocrx_word' id='word_1_145' title='bbox 257 2358 329 2389; x_wconf 81' lang='lat' dir='ltr'>tur</span> <span class='ocrx_word' id='word_1_146' title='bbox 356 2351 580 2401; x_wconf 82' lang='lat' dir='ltr'>Traianus,</span> <span class='ocrx_word' id='word_1_147' title='bbox 609 2361 653 2392; x_wconf 88' lang='lat' dir='ltr'>ut</span> <span class='ocrx_word' id='word_1_148' title='bbox 675 2352 804 2391; x_wconf 88' lang='lat' dir='ltr'>innuit</span> <span class='ocrx_word' id='word_1_149' title='bbox 825 2352 906 2391; x_wconf 88' lang='lat' dir='ltr'>Dio</span> <span class='ocrx_word' id='word_1_150' title='bbox 926 2365 1069 2391; x_wconf 72' lang='lat' dir='ltr'>vam.</span> <span class='ocrx_word' id='word_1_151' title='bbox 1096 2358 1161 2399; x_wconf 73' lang='lat'>24.</span> <span class='ocrx_word' id='word_1_152' title='bbox 1188 2364 1269 2405; x_wconf 89' lang='lat' dir='ltr'>quo</span> <span class='ocrx_word' id='word_1_153' title='bbox 1299 2350 1390 2390; x_wconf 87' lang='lat' dir='ltr'>loco</span> <span class='ocrx_word' id='word_1_154' title='bbox 1427 2349 1507 2398; x_wconf 79' lang='lat' dir='ltr'>ait,</span> 
     </span>
     <span class='ocr_line' id='line_1_25' title="bbox 256 2413 1506 2469; baseline -0.002 -15"><span class='ocrx_word' id='word_1_155' title='bbox 256 2416 513 2458; x_wconf 81' lang='lat' dir='ltr'>innumeram</span> <span class='ocrx_word' id='word_1_156' title='bbox 545 2417 755 2456; x_wconf 88' lang='lat' dir='ltr'>hominum</span> <span class='ocrx_word' id='word_1_157' title='bbox 783 2417 866 2458; x_wconf 83' lang='lat' dir='ltr'>vim</span> <span class='ocrx_word' id='word_1_158' title='bbox 897 2416 1143 2456; x_wconf 84' lang='lat' dir='ltr'>confluxisse</span> <span class='ocrx_word' id='word_1_159' title='bbox 1177 2425 1275 2455; x_wconf 76' lang='lat' dir='ltr'>tunc</span> <span class='ocrx_word' id='word_1_160' title='bbox 1304 2413 1506 2469; x_wconf 78' lang='lat' dir='ltr'>temporis</span> 
     </span>
     <span class='ocr_line' id='line_1_26' title="bbox 256 2481 1507 2534; baseline 0.002 -14"><span class='ocrx_word' id='word_1_161' title='bbox 256 2481 518 2526; x_wconf 70' lang='lat' dir='ltr'>‚Antiochiam</span> <span class='ocrx_word' id='word_1_162' title='bbox 542 2495 632 2522; x_wconf 87' lang='lat' dir='ltr'>cum</span> <span class='ocrx_word' id='word_1_163' title='bbox 652 2483 706 2522; x_wconf 90' lang='lat' dir='ltr'>ob</span> <span class='ocrx_word' id='word_1_164' title='bbox 727 2484 806 2522; x_wconf 74' lang='lat' dir='ltr'>alia</span> <span class='ocrx_word' id='word_1_165' title='bbox 823 2492 908 2523; x_wconf 85' lang='lat' dir='ltr'>tum</span> <span class='ocrx_word' id='word_1_166' title='bbox 935 2481 1049 2525; x_wconf 72' lang='grc' dir='ltr'><strong><em>κατ-οὲ</em></strong></span> <span class='ocrx_word' id='word_1_167' title='bbox 1068 2481 1256 2534; x_wconf 62' lang='grc' dir='ltr'>θεωρίαν,</span> <span class='ocrx_word' id='word_1_168' title='bbox 1285 2482 1507 2534; x_wconf 70' lang='lat' dir='ltr'>spectandi</span> 
     </span>
    </p>
   </div>
  </div>
 </body>
</html>
