<?xml version="1.0" encoding="UTF-8"?>
<!DOCTYPE html PUBLIC "-//W3C//DTD XHTML 1.0 Transitional//EN"
    "http://www.w3.org/TR/xhtml1/DTD/xhtml1-transitional.dtd">
<html xmlns="http://www.w3.org/1999/xhtml" xml:lang="en" lang="en">
 <head>
  <title>
</title>
<meta http-equiv="Content-Type" content="text/html;charset=utf-8" />
  <meta name='ocr-system' content='tesseract 3.04.00' />
  <meta name='ocr-capabilities' content='ocr_page ocr_carea ocr_par ocr_line ocrx_word'/>
</head>
<body>
  <div class='ocr_page' id='page_1' title='image "./operaomnia02horauoft_0041.png"; bbox 0 0 1708 3028; ppageno 0'>
   <div class='ocr_carea' id='block_1_1' title="bbox 586 247 1442 304">
    <p class='ocr_par' dir='ltr' id='par_1_1' title="bbox 586 247 1442 304">
     <span class='ocr_line' id='line_1_1' title="bbox 586 247 1442 304; baseline -0.001 -15"><span class='ocrx_word' id='word_1_1' title='bbox 586 248 671 289; x_wconf 79' lang='lat' dir='ltr'>DI</span> <span class='ocrx_word' id='word_1_2' title='bbox 701 249 738 288; x_wconf 87' lang='lat' dir='ltr'>B</span> <span class='ocrx_word' id='word_1_3' title='bbox 767 247 805 288; x_wconf 85' lang='grc' dir='ltr'>Ε</span> <span class='ocrx_word' id='word_1_4' title='bbox 833 248 873 289; x_wconf 82' lang='lat' dir='ltr'>R</span> <span class='ocrx_word' id='word_1_5' title='bbox 927 248 986 287; x_wconf 75' lang='grc' dir='ltr'>ιι.</span> <span class='ocrx_word' id='word_1_6' title='bbox 1340 248 1442 304; x_wconf 66' lang='lat'>‘249</span> 
     </span>
    </p>
   </div>
   <div class='ocr_carea' id='block_1_2' title="bbox 162 371 1443 528">
    <p class='ocr_par' dir='ltr' id='par_1_2' title="bbox 162 371 1443 528">
     <span class='ocr_line' id='line_1_2' title="bbox 163 371 1442 448; baseline -0.002 -19"><span class='ocrx_word' id='word_1_7' title='bbox 163 376 434 448; x_wconf 67' lang='lat' dir='ltr'>penniso)</span> <span class='ocrx_word' id='word_1_8' title='bbox 450 416 464 439; x_wconf 89' lang='lat'><strong>,</strong></span> <span class='ocrx_word' id='word_1_9' title='bbox 490 392 618 428; x_wconf 89' lang='lat' dir='ltr'>eum</span> <span class='ocrx_word' id='word_1_10' title='bbox 637 374 903 436; x_wconf 62' lang='lat' dir='ltr'>roteiso),</span> <span class='ocrx_word' id='word_1_11' title='bbox 930 392 1061 428; x_wconf 86' lang='lat' dir='ltr'>cum</span> <span class='ocrx_word' id='word_1_12' title='bbox 1094 371 1442 444; x_wconf 81' lang='lat' dir='ltr'>gubernacu-</span> 
     </span>
     <span class='ocr_line' id='line_1_3' title="bbox 162 461 1443 528; baseline -0.001 -15"><span class='ocrx_word' id='word_1_13' title='bbox 162 468 221 513; x_wconf 83' lang='lat' dir='ltr'>lis</span> <span class='ocrx_word' id='word_1_14' title='bbox 234 474 295 520; x_wconf 83' lang='lat'>(3)</span> <span class='ocrx_word' id='word_1_15' title='bbox 324 465 550 528; x_wconf 85' lang='lat' dir='ltr'><strong>reperias.</strong></span> <span class='ocrx_word' id='word_1_16' title='bbox 606 470 774 512; x_wconf 86' lang='lat' dir='ltr'>Unum</span> <span class='ocrx_word' id='word_1_17' title='bbox 808 465 1025 526; x_wconf 77' lang='lat' dir='ltr'>exempli</span> <span class='ocrx_word' id='word_1_18' title='bbox 1057 480 1194 510; x_wconf 85' lang='lat' dir='ltr'>causa</span> <span class='ocrx_word' id='word_1_19' title='bbox 1216 471 1398 512; x_wconf 83' lang='lat' dir='ltr'>Poetae</span> <span class='ocrx_word' id='word_1_20' title='bbox 1417 461 1443 489; x_wconf 69' lang='lat'>‘³</span> 
     </span>
    </p>
   </div>
   <div class='ocr_carea' id='block_1_3' title="bbox 156 549 1447 902">
    <p class='ocr_par' dir='ltr' id='par_1_3' title="bbox 156 549 1447 902">
     <span class='ocr_line' id='line_1_4' title="bbox 160 549 1447 625; baseline -0.002 -19"><span class='ocrx_word' id='word_1_21' title='bbox 160 550 565 625; x_wconf 83' lang='lat' dir='ltr'>prohoemium</span> <span class='ocrx_word' id='word_1_22' title='bbox 584 549 1057 614; x_wconf 84' lang='lat' dir='ltr'>commemorabO,</span> <span class='ocrx_word' id='word_1_23' title='bbox 1070 549 1278 619; x_wconf 84' lang='lat' dir='ltr'>Poetae</span> <span class='ocrx_word' id='word_1_24' title='bbox 1302 552 1447 604; x_wconf 79' lang='lat' dir='ltr'>eius-</span> 
     </span>
     <span class='ocr_line' id='line_1_5' title="bbox 156 641 1444 717; baseline 0.002 -21"><span class='ocrx_word' id='word_1_25' title='bbox 156 644 292 702; x_wconf 83' lang='lat' dir='ltr'>dem</span> <span class='ocrx_word' id='word_1_26' title='bbox 325 645 594 717; x_wconf 84' lang='lat' dir='ltr'>temporis</span> <span class='ocrx_word' id='word_1_27' title='bbox 629 642 995 715; x_wconf 85' lang='lat' dir='ltr'>eiusdemque</span> <span class='ocrx_word' id='word_1_28' title='bbox 1020 643 1292 697; x_wconf 86' lang='lat' dir='ltr'>nominis:</span> <span class='ocrx_word' id='word_1_29' title='bbox 1333 641 1444 698; x_wconf 84' lang='lat' dir='ltr'>fuit</span> 
     </span>
     <span class='ocr_line' id='line_1_6' title="bbox 159 736 1440 809; baseline 0 -19"><span class='ocrx_word' id='word_1_30' title='bbox 159 738 384 797; x_wconf 60' lang='lat' dir='ltr'>enimes)</span> <span class='ocrx_word' id='word_1_31' title='bbox 406 756 586 809; x_wconf 86' lang='lat' dir='ltr'>aeque</span> <span class='ocrx_word' id='word_1_32' title='bbox 596 738 883 790; x_wconf 86' lang='lat' dir='ltr'>Annaeus.</span> <span class='ocrx_word' id='word_1_33' title='bbox 917 736 968 789; x_wconf 85' lang='lat' dir='ltr'>Is</span> <span class='ocrx_word' id='word_1_34' title='bbox 985 737 1153 790; x_wconf 83' lang='lat' dir='ltr'>initio</span> <span class='ocrx_word' id='word_1_35' title='bbox 1177 737 1440 795; x_wconf 83' lang='lat' dir='ltr'><strong>carminis</strong></span> 
     </span>
     <span class='ocr_line' id='line_1_7' title="bbox 159 824 1443 902; baseline -0.003 -18"><span class='ocrx_word' id='word_1_36' title='bbox 159 830 244 884; x_wconf 85' lang='lat' dir='ltr'>sui</span> <span class='ocrx_word' id='word_1_37' title='bbox 295 841 515 901; x_wconf 63' lang='lat' dir='ltr'>§eptem</span> <span class='ocrx_word' id='word_1_38' title='bbox 560 824 760 902; x_wconf 54' lang='lat' dir='ltr'>primis</span> <span class='ocrx_word' id='word_1_39' title='bbox 814 826 1066 883; x_wconf 82' lang='lat' dir='ltr'>versibus</span> <span class='ocrx_word' id='word_1_40' title='bbox 1105 825 1251 882; x_wconf 89' lang='lat' dir='ltr'>nihil</span> <span class='ocrx_word' id='word_1_41' title='bbox 1292 826 1443 882; x_wconf 85' lang='lat' dir='ltr'>aliud</span> 
     </span>
    </p>
   </div>
   <div class='ocr_carea' id='block_1_4' title="bbox 319 1037 1277 1102">
    <p class='ocr_par' dir='ltr' id='par_1_4' title="bbox 319 1037 1277 1102">
     <span class='ocr_line' id='line_1_8' title="bbox 319 1037 1277 1102; baseline 0 -17"><span class='ocrx_word' id='word_1_42' title='bbox 319 1037 344 1063; x_wconf 74' lang='lat'>²⁸</span> <span class='ocrx_word' id='word_1_43' title='bbox 379 1040 444 1085; x_wconf 82' lang='lat' dir='ltr'>In</span> <span class='ocrx_word' id='word_1_44' title='bbox 477 1039 744 1100; x_wconf 82' lang='lat' dir='ltr'>margine:</span> <span class='ocrx_word' id='word_1_45' title='bbox 779 1041 1011 1102; x_wconf 85' lang='lat' dir='ltr'>Vituperat</span> <span class='ocrx_word' id='word_1_46' title='bbox 1044 1042 1277 1087; x_wconf 85' lang='lat' dir='ltr'>Lucanum.</span> 
     </span>
    </p>
   </div>
   <div class='ocr_carea' id='block_1_5' title="bbox 107 1235 1444 2502">
    <p class='ocr_par' dir='ltr' id='par_1_5' title="bbox 142 1235 1444 1951">
     <span class='ocr_line' id='line_1_9' title="bbox 155 1235 1444 1284; baseline -0.001 -4"><span class='ocrx_word' id='word_1_47' title='bbox 155 1239 342 1280; x_wconf 80' lang='lat' dir='ltr'>Eaedem</span> <span class='ocrx_word' id='word_1_48' title='bbox 386 1248 481 1280; x_wconf 87' lang='lat' dir='ltr'>sunt</span> <span class='ocrx_word' id='word_1_49' title='bbox 506 1237 551 1277; x_wconf 88' lang='lat' dir='ltr'>in</span> <span class='ocrx_word' id='word_1_50' title='bbox 578 1249 749 1276; x_wconf 87' lang='lat' dir='ltr'>nummo</span> <span class='ocrx_word' id='word_1_51' title='bbox 779 1235 927 1276; x_wconf 88' lang='lat' dir='ltr'>Gentis</span> <span class='ocrx_word' id='word_1_52' title='bbox 956 1237 1143 1284; x_wconf 79' lang='lat' dir='ltr'>Rustiae‚</span> <span class='ocrx_word' id='word_1_53' title='bbox 1183 1239 1235 1284; x_wconf 81' lang='lat' dir='ltr'>V,</span> <span class='ocrx_word' id='word_1_54' title='bbox 1278 1239 1444 1280; x_wconf 73' lang='lat' dir='ltr'>Eckhe-</span> 
     </span>
     <span class='ocr_line' id='line_1_10' title="bbox 155 1305 1444 1361; baseline -0.002 -15"><span class='ocrx_word' id='word_1_55' title='bbox 155 1306 260 1346; x_wconf 75' lang='lat' dir='ltr'>liuin</span> <span class='ocrx_word' id='word_1_56' title='bbox 291 1307 442 1347; x_wconf 84' lang='lat' dir='ltr'>Doctr.</span> <span class='ocrx_word' id='word_1_57' title='bbox 493 1319 608 1346; x_wconf 87' lang='lat' dir='ltr'>num.</span> <span class='ocrx_word' id='word_1_58' title='bbox 650 1312 734 1345; x_wconf 84' lang='lat' dir='ltr'>vet.</span> <span class='ocrx_word' id='word_1_59' title='bbox 773 1305 895 1344; x_wconf 83' lang='lat' dir='ltr'>Tom.</span> <span class='ocrx_word' id='word_1_60' title='bbox 937 1305 990 1348; x_wconf 86' lang='lat' dir='ltr'>V.</span> <span class='ocrx_word' id='word_1_61' title='bbox 1029 1319 1072 1359; x_wconf 85' lang='lat' dir='ltr'>p.</span> <span class='ocrx_word' id='word_1_62' title='bbox 1107 1308 1200 1361; x_wconf 78' lang='lat'><strong>298.</strong></span> <span class='ocrx_word' id='word_1_63' title='bbox 1252 1307 1444 1348; x_wconf 82' lang='lat' dir='ltr'>Fortuna</span> 
     </span>
     <span class='ocr_line' id='line_1_11' title="bbox 155 1371 1443 1430; baseline 0.005 -19"><span class='ocrx_word' id='word_1_64' title='bbox 155 1374 362 1427; x_wconf 73' lang='lat' dir='ltr'>appellata</span> <span class='ocrx_word' id='word_1_65' title='bbox 407 1381 472 1412; x_wconf 87' lang='lat' dir='ltr'>est</span> <span class='ocrx_word' id='word_1_66' title='bbox 511 1371 636 1411; x_wconf 81' lang='lat' dir='ltr'>etiam</span> <span class='ocrx_word' id='word_1_67' title='bbox 674 1374 951 1425; x_wconf 82' lang='lat' dir='ltr'>Respiciens,</span> <span class='ocrx_word' id='word_1_68' title='bbox 1003 1371 1170 1412; x_wconf 87' lang='lat' dir='ltr'>scilicet</span> <span class='ocrx_word' id='word_1_69' title='bbox 1219 1376 1279 1415; x_wconf 85' lang='lat' dir='ltr'>ad</span> <span class='ocrx_word' id='word_1_70' title='bbox 1321 1392 1443 1430; x_wconf 81' lang='lat' dir='ltr'>opem</span> 
     </span>
     <span class='ocr_line' id='line_1_12' title="bbox 142 1435 1442 1497; baseline 0.005 -20"><span class='ocrx_word' id='word_1_71' title='bbox 142 1435 406 1497; x_wconf 76' lang='lat' dir='ltr'>ferendam,</span> <span class='ocrx_word' id='word_1_72' title='bbox 446 1448 493 1479; x_wconf 89' lang='lat' dir='ltr'>ut</span> <span class='ocrx_word' id='word_1_73' title='bbox 521 1438 578 1478; x_wconf 83' lang='lat' dir='ltr'>ait</span> <span class='ocrx_word' id='word_1_74' title='bbox 607 1437 764 1479; x_wconf 85' lang='lat' dir='ltr'>Cicero</span> <span class='ocrx_word' id='word_1_75' title='bbox 792 1440 872 1480; x_wconf 81' lang='lat' dir='ltr'>De</span> <span class='ocrx_word' id='word_1_76' title='bbox 903 1439 1014 1491; x_wconf 73' lang='lat' dir='ltr'>Leg.</span> <span class='ocrx_word' id='word_1_77' title='bbox 1047 1439 1098 1483; x_wconf 85' lang='lat'>11.</span> <span class='ocrx_word' id='word_1_78' title='bbox 1131 1441 1231 1494; x_wconf 83' lang='lat' dir='ltr'>Cap.</span> <span class='ocrx_word' id='word_1_79' title='bbox 1264 1456 1318 1481; x_wconf 76' lang='lat' dir='ltr'>xr.</span> <span class='ocrx_word' id='word_1_80' title='bbox 1347 1445 1442 1484; x_wconf 81' lang='lat' dir='ltr'>Bal-</span> 
     </span>
     <span class='ocr_line' id='line_1_13' title="bbox 153 1505 1444 1563; baseline 0.005 -19"><span class='ocrx_word' id='word_1_81' title='bbox 153 1520 330 1547; x_wconf 80' lang='lat' dir='ltr'>nearum</span> <span class='ocrx_word' id='word_1_82' title='bbox 368 1509 585 1548; x_wconf 80' lang='lat' dir='ltr'>Fortunae</span> <span class='ocrx_word' id='word_1_83' title='bbox 631 1514 767 1546; x_wconf 81' lang='lat' dir='ltr'>exstat</span> <span class='ocrx_word' id='word_1_84' title='bbox 795 1506 898 1546; x_wconf 86' lang='lat' dir='ltr'>item</span> <span class='ocrx_word' id='word_1_85' title='bbox 937 1505 1161 1562; x_wconf 86' lang='lat' dir='ltr'>inscriptio</span> <span class='ocrx_word' id='word_1_86' title='bbox 1193 1509 1304 1563; x_wconf 82' lang='lat' dir='ltr'>apud</span> <span class='ocrx_word' id='word_1_87' title='bbox 1334 1511 1444 1551; x_wconf 88' lang='lat' dir='ltr'>Gru-</span> 
     </span>
     <span class='ocr_line' id='line_1_14' title="bbox 155 1573 1444 1635; baseline 0.004 -22"><span class='ocrx_word' id='word_1_88' title='bbox 155 1581 294 1615; x_wconf 86' lang='lat' dir='ltr'>terum</span> <span class='ocrx_word' id='word_1_89' title='bbox 334 1590 378 1630; x_wconf 89' lang='lat' dir='ltr'>p.</span> <span class='ocrx_word' id='word_1_90' title='bbox 422 1589 571 1616; x_wconf 68' lang='lat' dir='ltr'>Lxxm.</span> <span class='ocrx_word' id='word_1_91' title='bbox 613 1575 654 1616; x_wconf 86' lang='lat'>5.</span> <span class='ocrx_word' id='word_1_92' title='bbox 694 1573 750 1615; x_wconf 88' lang='lat' dir='ltr'>ob</span> <span class='ocrx_word' id='word_1_93' title='bbox 801 1573 999 1613; x_wconf 84' lang='lat' dir='ltr'>balneum</span> <span class='ocrx_word' id='word_1_94' title='bbox 1041 1585 1219 1635; x_wconf 83' lang='lat' dir='ltr'>curante</span> <span class='ocrx_word' id='word_1_95' title='bbox 1261 1578 1444 1632; x_wconf 88' lang='lat' dir='ltr'>quodam</span> 
     </span>
     <span class='ocr_line' id='line_1_15' title="bbox 157 1640 1442 1688; baseline 0.005 -9"><span class='ocrx_word' id='word_1_96' title='bbox 157 1640 374 1682; x_wconf 83' lang='lat' dir='ltr'>Frontone</span> <span class='ocrx_word' id='word_1_97' title='bbox 403 1642 659 1685; x_wconf 80' lang='lat' dir='ltr'>restitutum.</span> <span class='ocrx_word' id='word_1_98' title='bbox 689 1641 852 1681; x_wconf 87' lang='lat' dir='ltr'><strong>DEAE</strong></span> <span class='ocrx_word' id='word_1_99' title='bbox 888 1641 923 1679; x_wconf 92' lang='lat' dir='ltr'>F</span> <span class='ocrx_word' id='word_1_100' title='bbox 927 1640 1216 1683; x_wconf 81' lang='lat' dir='ltr'><strong>ORTUNAE.</strong></span> <span class='ocrx_word' id='word_1_101' title='bbox 1251 1646 1442 1688; x_wconf 88' lang='lat' dir='ltr'><strong>VIRIUS</strong></span> 
     </span>
     <span class='ocr_line' id='line_1_16' title="bbox 155 1707 1443 1757; baseline 0.005 -11"><span class='ocrx_word' id='word_1_102' title='bbox 155 1707 354 1748; x_wconf 89' lang='lat' dir='ltr'>LUPUS.</span> <span class='ocrx_word' id='word_1_103' title='bbox 396 1709 524 1749; x_wconf 89' lang='lat' dir='ltr'><strong>LEG.</strong></span> <span class='ocrx_word' id='word_1_104' title='bbox 567 1708 698 1751; x_wconf 89' lang='lat' dir='ltr'>AUG.</span> <span class='ocrx_word' id='word_1_105' title='bbox 743 1709 828 1748; x_wconf 90' lang='lat' dir='ltr'>PR.</span> <span class='ocrx_word' id='word_1_106' title='bbox 869 1708 958 1748; x_wconf 91' lang='lat' dir='ltr'>PR.</span> <span class='ocrx_word' id='word_1_107' title='bbox 1008 1710 1354 1753; x_wconf 80' lang='lat' dir='ltr'>BALINGIUM.&#39;</span> <span class='ocrx_word' id='word_1_108' title='bbox 1381 1715 1443 1757; x_wconf 91' lang='lat' dir='ltr'>VI</span> 
     </span>
     <span class='ocr_line' id='line_1_17' title="bbox 154 1773 1444 1821; baseline 0.005 -7"><span class='ocrx_word' id='word_1_109' title='bbox 154 1773 307 1815; x_wconf 84' lang='lat' dir='ltr'>IGNIS</span> <span class='ocrx_word' id='word_1_110' title='bbox 348 1776 634 1818; x_wconf 84' lang='lat' dir='ltr'>EXUSTUM.</span> <span class='ocrx_word' id='word_1_111' title='bbox 686 1775 817 1817; x_wconf 89' lang='lat' dir='ltr'><strong>COH.</strong></span> <span class='ocrx_word' id='word_1_112' title='bbox 858 1775 887 1813; x_wconf 90' lang='lat' dir='ltr'>I.</span> <span class='ocrx_word' id='word_1_113' title='bbox 931 1777 1227 1820; x_wconf 54' lang='lat' dir='ltr'><strong>THRACUM.</strong></span> <span class='ocrx_word' id='word_1_114' title='bbox 1275 1780 1444 1821; x_wconf 79' lang='lat' dir='ltr'><strong>RESTI</strong></span> 
     </span>
     <span class='ocr_line' id='line_1_18' title="bbox 155 1842 1440 1890; baseline 0.007 -9"><span class='ocrx_word' id='word_1_115' title='bbox 155 1842 304 1882; x_wconf 81' lang='lat' dir='ltr'>TUI&#39;r.</span> <span class='ocrx_word' id='word_1_116' title='bbox 321 1843 600 1884; x_wconf 81' lang='lat' dir='ltr'><strong>CURANTE.</strong></span> <span class='ocrx_word' id='word_1_117' title='bbox 613 1842 742 1886; x_wconf 81' lang='lat' dir='ltr'><strong>VAL.</strong></span> <span class='ocrx_word' id='word_1_118' title='bbox 753 1842 1080 1885; x_wconf 71' lang='lat' dir='ltr'>FRONTONE</span> <span class='ocrx_word' id='word_1_119' title='bbox 1089 1845 1281 1887; x_wconf 80' lang='lat' dir='ltr'>PRAEF</span> <span class='ocrx_word' id='word_1_120' title='bbox 1294 1877 1304 1887; x_wconf 86' lang='lat'><strong>.</strong></span> <span class='ocrx_word' id='word_1_121' title='bbox 1316 1880 1324 1889; x_wconf 93' lang='lat'><strong>.</strong></span> <span class='ocrx_word' id='word_1_122' title='bbox 1339 1877 1349 1887; x_wconf 91' lang='lat'><em>.</em></span> <span class='ocrx_word' id='word_1_123' title='bbox 1362 1849 1440 1890; x_wconf 91' lang='grc' dir='ltr'>ΤΟ</span> 
     </span>
     <span class='ocr_line' id='line_1_19' title="bbox 156 1906 550 1951; baseline 0.01 -4"><span class='ocrx_word' id='word_1_124' title='bbox 156 1906 322 1949; x_wconf 82' lang='lat' dir='ltr'><strong>ALAE.</strong></span> <span class='ocrx_word' id='word_1_125' title='bbox 357 1909 550 1951; x_wconf 79' lang='lat' dir='ltr'><strong>VETTO</strong></span> 
     </span>
    </p>

    <p class='ocr_par' dir='ltr' id='par_1_6' title="bbox 154 1975 1442 2230">
     <span class='ocr_line' id='line_1_20' title="bbox 207 1975 1442 2032; baseline 0.01 -19"><span class='ocrx_word' id='word_1_126' title='bbox 207 1975 283 2028; x_wconf 78' lang='grc' dir='ltr'>(ι)</span> <span class='ocrx_word' id='word_1_127' title='bbox 313 1976 361 2014; x_wconf 90' lang='lat' dir='ltr'>In</span> <span class='ocrx_word' id='word_1_128' title='bbox 382 1975 530 2016; x_wconf 84' lang='lat' dir='ltr'>codiee</span> <span class='ocrx_word' id='word_1_129' title='bbox 553 1976 756 2031; x_wconf 84' lang='lat' dir='ltr'>scriptum</span> <span class='ocrx_word' id='word_1_130' title='bbox 782 1986 854 2025; x_wconf 21' lang='lat' dir='ltr'>est*</span> <span class='ocrx_word' id='word_1_131' title='bbox 871 1979 1023 2032; x_wconf 75' lang='lat' dir='ltr'>plenis,</span> <span class='ocrx_word' id='word_1_132' title='bbox 1053 1988 1143 2020; x_wconf 86' lang='lat' dir='ltr'>tum</span> <span class='ocrx_word' id='word_1_133' title='bbox 1173 1983 1442 2028; x_wconf 78' lang='lat' dir='ltr'>emendatum</span> 
     </span>
     <span class='ocr_line' id='line_1_21' title="bbox 154 2042 1442 2102; baseline 0.007 -21"><span class='ocrx_word' id='word_1_134' title='bbox 154 2045 318 2095; x_wconf 78' lang='lat' dir='ltr'>pennis.</span> <span class='ocrx_word' id='word_1_135' title='bbox 350 2043 515 2099; x_wconf 81' lang='lat' dir='ltr'>Censeo</span> <span class='ocrx_word' id='word_1_136' title='bbox 545 2042 773 2084; x_wconf 82' lang='lat' dir='ltr'>dicendum</span> <span class='ocrx_word' id='word_1_137' title='bbox 799 2049 958 2099; x_wconf 84' lang='lat' dir='ltr'>pinnis.</span> <span class='ocrx_word' id='word_1_138' title='bbox 998 2046 1055 2087; x_wconf 83' lang='lat' dir='ltr'>Et</span> <span class='ocrx_word' id='word_1_139' title='bbox 1083 2047 1255 2102; x_wconf 85' lang='lat' dir='ltr'>quidem</span> <span class='ocrx_word' id='word_1_140' title='bbox 1285 2050 1339 2092; x_wconf 86' lang='lat' dir='ltr'>de</span> <span class='ocrx_word' id='word_1_141' title='bbox 1363 2059 1442 2090; x_wconf 79' lang='lat' dir='ltr'>sta-</span> 
     </span>
     <span class='ocr_line' id='line_1_22' title="bbox 154 2109 1440 2168; baseline 0.008 -20"><span class='ocrx_word' id='word_1_142' title='bbox 154 2117 222 2148; x_wconf 78' lang='lat' dir='ltr'>tua</span> <span class='ocrx_word' id='word_1_143' title='bbox 249 2109 465 2150; x_wconf 76' lang='lat' dir='ltr'>Fortunae</span> <span class='ocrx_word' id='word_1_144' title='bbox 505 2109 676 2150; x_wconf 85' lang='lat' dir='ltr'>reducis</span> <span class='ocrx_word' id='word_1_145' title='bbox 712 2125 810 2155; x_wconf 87' lang='lat' dir='ltr'>cum</span> <span class='ocrx_word' id='word_1_146' title='bbox 836 2113 977 2168; x_wconf 85' lang='lat' dir='ltr'>pinnis</span> <span class='ocrx_word' id='word_1_147' title='bbox 1002 2115 1174 2155; x_wconf 80' lang='lat' dir='ltr'>navium</span> <span class='ocrx_word' id='word_1_148' title='bbox 1202 2116 1303 2158; x_wconf 79' lang='lat' dir='ltr'>vide</span> <span class='ocrx_word' id='word_1_149' title='bbox 1331 2117 1440 2158; x_wconf 89' lang='lat' dir='ltr'>Gru-</span> 
     </span>
     <span class='ocr_line' id='line_1_23' title="bbox 155 2183 600 2230; baseline 0.011 -16"><span class='ocrx_word' id='word_1_150' title='bbox 155 2183 295 2215; x_wconf 80' lang='lat' dir='ltr'>terum</span> <span class='ocrx_word' id='word_1_151' title='bbox 323 2190 366 2230; x_wconf 84' lang='lat' dir='ltr'>p.</span> <span class='ocrx_word' id='word_1_152' title='bbox 399 2191 532 2219; x_wconf 68' lang='lat' dir='ltr'>mxu,</span> <span class='ocrx_word' id='word_1_153' title='bbox 559 2183 600 2226; x_wconf 77' lang='grc'>4.</span> 
     </span>
    </p>

    <p class='ocr_par' dir='ltr' id='par_1_7' title="bbox 107 2243 1440 2432">
     <span class='ocr_line' id='line_1_24' title="bbox 210 2243 1440 2303; baseline 0.009 -21"><span class='ocrx_word' id='word_1_154' title='bbox 210 2243 277 2296; x_wconf 84' lang='lat'>(2)</span> <span class='ocrx_word' id='word_1_155' title='bbox 309 2244 372 2283; x_wconf 84' lang='lat' dir='ltr'>lta</span> <span class='ocrx_word' id='word_1_156' title='bbox 403 2244 514 2286; x_wconf 83' lang='lat' dir='ltr'>Cod.·</span> <span class='ocrx_word' id='word_1_157' title='bbox 542 2249 699 2296; x_wconf 77' lang='lat' dir='ltr'>roccis,</span> <span class='ocrx_word' id='word_1_158' title='bbox 750 2246 852 2287; x_wconf 83' lang='lat' dir='ltr'>licet</span> <span class='ocrx_word' id='word_1_159' title='bbox 879 2249 1098 2303; x_wconf 78' lang='lat' dir='ltr'>posterior</span> <span class='ocrx_word' id='word_1_160' title='bbox 1125 2265 1270 2292; x_wconf 85' lang='lat' dir='ltr'>manus</span> <span class='ocrx_word' id='word_1_161' title='bbox 1298 2252 1440 2293; x_wconf 82' lang='lat' dir='ltr'>videa-</span> 
     </span>
     <span class='ocr_line' id='line_1_25' title="bbox 107 2310 1440 2372; baseline 0.008 -23"><span class='ocrx_word' id='word_1_162' title='bbox 107 2318 110 2322; x_wconf 83' lang='lat'>&#39;</span> <span class='ocrx_word' id='word_1_163' title='bbox 156 2318 226 2350; x_wconf 82' lang='lat' dir='ltr'>tur</span> <span class='ocrx_word' id='word_1_164' title='bbox 255 2310 468 2359; x_wconf 21' lang='lat' dir='ltr'>dele-visse</span> <span class='ocrx_word' id='word_1_165' title='bbox 497 2313 685 2359; x_wconf 72' lang='lat' dir='ltr'>litteram</span> <span class='ocrx_word' id='word_1_166' title='bbox 713 2328 750 2357; x_wconf 80' lang='lat' dir='ltr'>e.</span> <span class='ocrx_word' id='word_1_167' title='bbox 800 2314 888 2355; x_wconf 79' lang='lat' dir='ltr'>Sed</span> <span class='ocrx_word' id='word_1_168' title='bbox 926 2317 1069 2371; x_wconf 82' lang='lat' dir='ltr'>placet</span> <span class='ocrx_word' id='word_1_169' title='bbox 1099 2319 1270 2372; x_wconf 78' lang='lat' dir='ltr'>antiqua</span> <span class='ocrx_word' id='word_1_170' title='bbox 1298 2320 1440 2360; x_wconf 83' lang='lat' dir='ltr'>ortho-</span> 
     </span>
     <span class='ocr_line' id='line_1_26' title="bbox 155 2377 340 2432; baseline 0.016 -16"><span class='ocrx_word' id='word_1_171' title='bbox 155 2377 340 2432; x_wconf 80' lang='lat' dir='ltr'>graphia.</span> 
     </span>
    </p>

    <p class='ocr_par' dir='ltr' id='par_1_8' title="bbox 211 2445 1439 2502">
     <span class='ocr_line' id='line_1_27' title="bbox 211 2445 1439 2502; baseline 0.009 -18"><span class='ocrx_word' id='word_1_172' title='bbox 211 2445 283 2499; x_wconf 83' lang='lat'>(3)</span> <span class='ocrx_word' id='word_1_173' title='bbox 326 2446 472 2486; x_wconf 83' lang='lat' dir='ltr'>Statua</span> <span class='ocrx_word' id='word_1_174' title='bbox 513 2447 732 2488; x_wconf 83' lang='lat' dir='ltr'>Fortunae</span> <span class='ocrx_word' id='word_1_175' title='bbox 783 2463 878 2490; x_wconf 86' lang='lat' dir='ltr'>cum</span> <span class='ocrx_word' id='word_1_176' title='bbox 927 2449 1023 2490; x_wconf 83' lang='lat' dir='ltr'>rota</span> <span class='ocrx_word' id='word_1_177' title='bbox 1065 2461 1107 2490; x_wconf 80' lang='lat' dir='ltr'>et</span> <span class='ocrx_word' id='word_1_178' title='bbox 1151 2451 1439 2502; x_wconf 67' lang='lat' dir='ltr'>gubernaculo</span> 
     </span>
    </p>
   </div>
   <div class='ocr_carea' id='block_1_6' title="bbox 158 2510 1436 2632">
    <p class='ocr_par' dir='ltr' id='par_1_9' title="bbox 158 2510 1436 2632">
     <span class='ocr_line' id='line_1_28' title="bbox 158 2510 1436 2564; baseline 0.01 -14"><span class='ocrx_word' id='word_1_179' title='bbox 158 2510 269 2551; x_wconf 77' lang='lat' dir='ltr'>edita</span> <span class='ocrx_word' id='word_1_180' title='bbox 299 2522 363 2555; x_wconf 77' lang='lat' dir='ltr'>est</span> <span class='ocrx_word' id='word_1_181' title='bbox 390 2514 595 2555; x_wconf 83' lang='lat' dir='ltr'>inMuseo</span> <span class='ocrx_word' id='word_1_182' title='bbox 611 2515 976 2558; x_wconf 73' lang='lat' dir='ltr'>Pio-Clementiae</span> <span class='ocrx_word' id='word_1_183' title='bbox 993 2521 1114 2558; x_wconf 83' lang='lat' dir='ltr'>Tom.</span> <span class='ocrx_word' id='word_1_184' title='bbox 1149 2520 1199 2559; x_wconf 74' lang='lat'>11.</span> <span class='ocrx_word' id='word_1_185' title='bbox 1232 2521 1334 2561; x_wconf 83' lang='lat' dir='ltr'>Tab.</span> <span class='ocrx_word' id='word_1_186' title='bbox 1364 2537 1436 2564; x_wconf 61' lang='grc' dir='ltr'>κη.</span> 
     </span>
     <span class='ocr_line' id='line_1_29' title="bbox 214 2578 658 2632; baseline 0.018 -16"><span class='ocrx_word' id='word_1_187' title='bbox 214 2579 279 2632; x_wconf 64' lang='grc' dir='ltr'>(ι’.)</span> <span class='ocrx_word' id='word_1_188' title='bbox 307 2578 466 2619; x_wconf 73' lang='lat' dir='ltr'>Addidi</span> <span class='ocrx_word' id='word_1_189' title='bbox 497 2585 618 2623; x_wconf 84' lang='lat' dir='ltr'>enim.</span> <span class='ocrx_word' id='word_1_190' title='bbox 655 2598 658 2603; x_wconf 83' lang='lat'><strong>·</strong></span> 
     </span>
    </p>
   </div>
  </div>
 </body>
</html>
