1664 3074
282 243 315 287 ῃ
557 223 640 268 VO
647 223 678 264 C
677 222 1010 298 &BULORURL
1334 224 1415 271 471

138 327 332 371 destruit.
374 330 540 368 Rumor
567 328 739 368 indicat.
780 327 940 382 Opinio
967 323 1172 367 ostendit:
1199 323 1330 364 Fama
1357 321 1421 362 iu·

137 399 272 441 dicat:
302 402 464 441 Rumor
497 400 789 440 tumultuatur.

192 473 512 534 querimoniam
542 483 584 514 et
614 474 857 531 Querelam.
886 470 1163 530 Querimonia
1185 478 1330 510 certae
1352 467 1420 508 rei

133 551 218 588 est.
266 545 458 603 Querela
496 559 759 600 supervacua
799 553 874 585 est.
919 545 1065 598 Itaque
1093 542 1216 596 prior
1243 541 1423 596 gravita-

134 617 211 668 tis3
241 618 458 672 posterior
486 617 670 660 levitatis
700 625 776 657 est.

192 689 473 742 Transfugam
519 699 562 731 et
601 689 840 745 perfugam.
911 685 1151 742 Transfuga
1188 699 1287 727 suos
1322 685 1424 725 reli-

135 758 251 816 quit,
293 771 335 803 et
359 762 427 801 ‘ad
458 754 563 802 alios
593 763 722 804 venit.
766 760 954 816 Perfuga
984 760 1162 816 supplex
1195 767 1285 810 est,
1318 769 1423 812 ergo

135 833 373 889 Transfuga
402 844 449 875 ut
478 834 715 875 adiuvetur.

187 907 338 957 Hune,
383 917 426 948 et
465 908 614 959 istum,
657 917 700 948 et
740 909 880 957 illum,
930 915 974 947 et
1014 920 1126 946 eum.
1199 906 1327 945 Hunc
1379 913 1421 945 et

131 979 270 1019 Istum
307 978 352 1018 in
390 979 587 1033 proximo
630 989 792 1020 notant.
852 978 979 1018 Illum
1023 977 1209 1018 ostendit
1250 977 1422 1034 quidem

133 1050 259 1104 longe
298 1060 502 1101 stantem,
541 1040 618 1091 sed
658 1051 701 1090 in
739 1059 987 1105 conspectu.
1036 1051 1170 1099 Eum,
1200 1049 1422 1090 absentem

133 1123 287 1167 refert.

189 1196 386 1236 Glorium
440 1206 484 1238 et
528 1197 765 1251 gloriosum
808 1205 851 1237 et
891 1196 1182 1250 gloriatorem.
1253 1194 1423 1236 Glorius

134 1269 256 1309 unius
287 1278 351 1310 est
379 1269 558 1323 gloriae.
601 1271 840 1321 Gloriator‚
868 1285 954 1310 non
985 1270 1111 1310 habet
1136 1267 1421 1322 causam‘glo-

130 1341 295 1391 flandi,
336 1341 416 1382 sed
446 1351 585 1382 tamen
613 1342 836 1396 gloriatur.
888 1324 1111 1383 Gloriosus
1138 1341 1336 1396 pluribus
1366 1339 1421 1380 de

133 1413 270 1454 causis
301 1426 394 1454 esse
425 1414 606 1468 cogitur.

187 1485 479 1540 Abrogantem
509 1494 555 1526 et
584 1485 873 1542 adrogantem.
927 1487 1122 1541 Adrogat
1150 1486 1312 1541 aliquid
1342 1484 1424 1527 sibi

134 1559 300 1599 etiamsi
335 1573 423 1599 non
463 1560 634 1603 meruit.
680 1561 898 1616 Abrogat‚
935 1561 1009 1617 qui
1050 1560 1122 1601 alii
1162 1558 1321 1614 aufert,
1353 1558 1425 1601 vel

134 1631 207 1687 qui
233 1631 376 1686 legem
402 1633 526 1673 tollit.

188 1704 399 1744 Continue
439 1714 482 1745 et
525 1705 782 1746 continuate.
828 1705 1044 1747 Continuo
1081 1704 1272 1747 facimus.
1313 1705 1423 1745 Con-

130 1775 300 1817 tinuate‘
320 1777 412 1816 sine
441 1777 774 1821 intermissione.

187 1850 444 1899 Externum,
484 1859 527 1890 et
565 1850 771 1900 alienum,
809 1859 854 1891 et
894 1859 1167 1899 extraneum,
1211 1857 1255 1889 et
1285 1856 1422 1889 extra-

131 1920 262 1964 rium.
332 1923 546 1961 Externus
580 1931 646 1961 est
675 1930 850 1962 exterae
882 1922 1035 1976 gentis.
1094 1921 1273 1962 Alienus
1302 1920 1422 1960 nullo

133 1993 246 2043 loco,
274 1993 349 2034 sed
377 1980 679 2034 re'differunt.
723 1995 962 2034 Extraneus
994 1993 1064 2049 qui
1095 2003 1214 2034 extra
1243 1992 1423 2033 eandem

133 2065 299 2108 ienuam
329 2076 406 2108 est.
442 2067 666 2107 Extrarius
700 2067 774 2123 qui
805 2076 926 2107 extra
957 2068 1139 2108 eandem
1166 2081 1309 2107 aream
1339 2073 1419 2107 est.

187 2139 396 2180 Lucidum
427 2150 470 2181 et
496 2141 763 2182 luminosum.
796 2139 1004 2181 Lucidum
1035 2149 1100 2181 est
1131 2139 1246 2195 quod
1272 2148 1423 2194 aperto

138 2213 258 2253 caelo
299 2213 444 2253 lumen
484 2213 652 2267 accipit.
686 2213 962 2254 Luminosum
991 2213 1109 2269 quod
1141 2212 1285 2253 multis
1312 2211 1423 2252 fora-

135 2284 316 2325 minibus
342 2286 618 2331 illuminatur.

191 2358 426 2412 Expertum
463 2368 506 2399 et
548 2368 866 2413 experrectum.
907 2359 1120 2413 Expertus
1149 2366 1211 2398 est
1239 2354 1420 2411 aliquid,

139 2435 212 2467 aut
236 2417 294 2467 *in
331 2429 440 2471 bona
471 2439 616 2485 parte,
654 2439 726 2470 aut
764 2431 808 2470 in
850 2431 972 2470 mala.
1037 2431 1328 2484 Experrectus
1365 2427 1420 2468 de

142 2512 305 2542 somno.

191 2572 446 2624 Delubrum‚
489 2585 531 2616 et
559 2576 786 2626 sacellum,
829 2586 872 2616 et
907 2576 1128 2630 templum,
1170 2582 1215 2614 et
1254 2574 1420 2622 lucum,

142 2651 187 2685 et
216 2643 378 2697 fanum,
415 2655 459 2688 et
485 2646 688 2688 bidental.
738 2647 1005 2702 Delubrum‚
1048 2647 1092 2687 in
1120 2660 1204 2703 quo
1234 2645 1426 2686 homines
