1708 3028
308 274 387 323 326
799 279 874 320 DE
897 275 1094 322 BELLO

320 403 564 455 Amasim
594 403 783 455 mittit.
835 403 1048 454 Amasis
1084 419 1346 472 magnum
1378 415 1436 459 et·
1461 420 1573 454 ma-

323 506 515 546 turum
536 493 743 544 malum
769 493 1046 565 Polycrati
1072 494 1408 555 coniectanS,
1447 493 1576 551 ami-

324 585 510 636 citiam
531 582 951 656 hospitiumque
972 587 1285 646 renuntiat,
1325 595 1394 636 ut
1410 583 1579 635 alieni

324 668 511 745 potius
561 692 728 744 quam
771 673 1006 744 hospitis
1060 675 1144 724 sui
1186 686 1284 726 aut
1328 673 1491 734 amici
1523 680 1580 730 (ι)

325 762 611 816 fortunam
676 775 1072 816 commutatam
1138 762 1339 836 (ipse.)
1395 763 1582 817 :minus

329 872 490 924 aegre
533 851 715 907 ferret.
786 852 889 907 Sed
934 855 1212 907 somnium
1247 851 1392 907 filiae
1414 851 1586 924 ,Poly-

329 946 466 996 crati
485 960 539 1002 (ω)
576 947 687 996 iam
724 957 854 996 ante
888 946 1105 1014 insigne
1137 935 1427 1016 optigerat.
1485 943 1584 995 Pa-

327 1044 469 1084 trem
510 1052 675 1085 suum
716 1032 904 1085 videre
946 1034 1050 1086 sibi
1087 1036 1202 1086 visa
1241 1048 1356 1086 erat
1390 1045 1582 1105 aperto

330 1135 497 1193 atque
519 1123 667 1177 edito
689 1123 813 1175 loco
844 1121 1118 1176 sublimen
1138 1125 1314 1194 ungui
1328 1137 1387 1181 (3)
1407 1135 1462 1175 et
1476 1122 1587 1174 lavi

332 1215 476 1265 Iovis
518 1226 573 1266 et
613 1213 752 1266 Solis
792 1213 1070 1284 manibus..
1152 1214 1364 1266 Harioli
1402 1226 1587 1266 autem

331 1303 533 1356 laetam
572 1317 628 1357 et
658 1306 928 1375 pinguem
956 1304 1232 1359 fortunam
1262 1303 1589 1378 portendier

334 1395 552 1446 somnio
583 1396 933 1465 interpretati
946 1408 1012 1452 (4).
1067 1396 1173 1448 Sed
1200 1415 1366 1448 omne
1392 1406 1589 1446 contra

335 1485 539 1536 evenit.
580 1484 727 1535 Nam
747 1483 1012 1556 deceptus
1038 1485 1105 1538 ab
1129 1486 1336 1553 Oroete
1347 1499 1404 1541 (3)
1423 1485 1587 1536 Perse

1636 1116 1649 1148 i

394 1763 460 1813 (ι)
491 1761 594 1802 Cod.
637 1772 686 1802 ub
712 1763 852 1802 alieno
887 1764 1033 1813 potius
1067 1776 1141 1801 suo
1168 1776 1294 1816 quam
1321 1761 1492 1819 hospite*
1513 1770 1594 1802 auc

337 1831 473 1870 amico
484 1825 650 1885 fortun
665 1858 674 1867 .
692 1858 700 1867 .
719 1858 728 1867 .
746 1859 754 1867 .
771 1836 1001 1869 commutat
1015 1857 1024 1865 .
1042 1857 1051 1866 .
1066 1858 1075 1866 .
1092 1855 1101 1864 .
1118 1830 1252 1867 minus
1282 1841 1409 1880 aegre
1428 1824 1592 1882 ferret.

391 1894 458 1943 (τε)
490 1896 716 1947 Polycrati
753 1906 834 1946 pro
869 1894 1140 1946 Polycratis,
1182 1901 1230 1931 ut
1256 1891 1356 1930 alibi
1389 1895 1524 1948 Ulyxi
1551 1901 1594 1933 et

338 1961 498 2002 Achilli
528 1969 569 1998 et
601 1958 748 1997 similia
775 1958 940 2006 nomina
967 1960 1008 1996 in
1037 1972 1134 1997 casu
1163 1957 1361 2010 genitivo.

395 2024 460 2075 (3)
495 2027 640 2076 Ungui
667 2037 745 2078 pro
775 2027 890 2076 ungi.
919 2025 1080 2063 Recole
1112 2025 1278 2075 Fragm.
1304 2037 1342 2063 v.
1374 2022 1465 2062 Lib.
1483 2023 1514 2063 1.
1541 2023 1595 2064 de

347 2091 625 2132 Orationibus
653 2103 693 2142 p.
727 2091 820 2137 234.
853 2102 947 2128 cum
974 2096 1073 2127 nota
1107 2105 1140 2129 ι.

402 2156 466 2207 (4)
496 2155 598 2196 Cod.
629 2158 946 2206 z'n·erpraetaci.

399 2222 464 2272 (5)
493 2223 626 2260 Recte
646 2222 804 2259 Fronto
838 2220 982 2259 scribit
998 2222 1158 2261 Oraete
1185 2231 1268 2257 non
1288 2219 1462 2267 Oronte,
1484 2217 1598 2272 quod

341 2285 534 2325 mendum
565 2286 736 2338 irrepsit
762 2286 803 2324 in
833 2286 991 2328 Valerii
1021 2284 1187 2324 Maximi
1215 2292 1258 2323 et
1292 2283 1510 2322 Ciceronis
1537 2284 1599 2323 lo-

344 2366 415 2392 cos
452 2348 646 2405 superius
689 2339 899 2399 laudatos,
948 2365 1052 2405 quos
1091 2359 1228 2389 tamen
1270 2349 1598 2402 emendaverunt

344 2419 589 2457 Harduinus
628 2417 679 2456 ad
717 2417 899 2456 Plinium
938 2428 1080 2456 xxxin.
1138 2416 1248 2455 Sect.
1281 2430 1335 2454 vi.
1380 2415 1596 2455 Victorius

339 2487 438 2525 Ver.
461 2486 580 2524 Lect.
606 2483 697 2522 Lib,
719 2484 768 2524 11.
789 2484 887 2535 Cap.
912 2490 951 2530 4.
983 2483 1036 2521 Et
1060 2481 1226 2535 quidem
1252 2480 1479 2519 Frontonis
1497 2480 1599 2520 scri·

341 2559 464 2603 ptura
500 2550 708 2589 consentit
747 2562 839 2588 cum
875 2548 1082 2588 Herodoti
1110 2557 1153 2587 et
1181 2545 1386 2586 Athenaei
1414 2543 1595 2599 Ὀβοίτης.
