1708 3028
607 258 894 301 LIBER
947 255 1010 298 11.
1363 257 1441 299 251

166 388 402 450 balteOS,
455 399 511 441 et
539 387 771 440 omnen!
812 400 1099 436 armorum
1133 381 1446 455 supellecti-

162 481 274 534 lem
295 477 888 552 sequere.Apollonius
913 486 1122 538 autem,
1146 494 1265 527 non
1291 476 1444 528 enim

160 568 397 626 Homeri
454 571 924 646 prohoemiorum
990 582 1094 641 par
1145 563 1447 620 artificium

163 678 247 720 est
267 676 354 731 (ι),
393 665 760 738 Apollonius,
801 663 1056 734 inquam,
1097 659 1448 733 qui·ARGO-

161 757 476 813 NAUTAS
515 758 761 830 scripsit,
826 756 1082 827 quinque
1119 774 1183 807 re
1232 793 1246 807 .
1300 793 1313 806 .
1363 793 1377 806 .
1434 794 1446 805 .

163 862 462 922 quattuor,
505 849 757 904 versibus
839 860 1033 902 narrat
1116 849 1449 911 παλαιγενέων
1481 861 1490 868 ⁴

160 945 283 995 κλέα
324 949 527 1010 φωτῶν,
595 944 744 996 viros
795 942 896 1013 qui
945 940 1315 1010 navigassent.
1401 943 1452 990 οἱ

158 1036 386 1088 ’Πόντοιο
406 1039 544 1088 κατὰ
567 1038 770 1099 στόμα,
810 1035 918 1086 iter
939 1051 1053 1106 quo
1076 1034 1448 1104 navigassent.

163 1131 406 1196 βασιλῆος
436 1134 731 1198 ἐφημοσύνῃ
766 1129 988 1187 Πελίαο,
1031 1127 1190 1179 cuius
1210 1127 1451 1198 imperio

165 1221 540 1293 navigassent.
596 1225 842 1287 χρύσειον
867 1221 1000 1282 μετὰ
1025 1224 1177 1279 κῶας,
1240 1219 1332 1270 cui
1373 1219 1454 1271 rei

165 1314 543 1383 navigassent.
614 1309 819 1375 ἐύζυγον
869 1310 1066 1368 ἤλασαν
1111 1314 1293 1380 Ἀργὼ,
1359 1331 1455 1365 na-

165 1422 297 1458 vem
346 1424 460 1477 qua
498 1406 648 1457 vecti
672 1416 890 1457 «essent.
964 1404 1064 1458 Isti
1105 1418 1298 1458 autem
1337 1418 1457 1459 tam

169 1510 420 1551 oratores
434 1511 487 1554 (2)
513 1515 684 1569 quam
704 1508 912 1568 poetae
931 1499 1221 1551 consimile
1235 1497 1458 1552 faciunt

227 1653 300 1707 (ι)
341 1655 468 1695 Belle
510 1655 724 1696 consentit
758 1656 976 1711 Longinus
1014 1656 1101 1710 περὶ
1145 1650 1295 1708 ὕψους,
1351 1657 1455 1711 Cap.

171 1734 321 1766 xxxin.
354 1723 427 1763 cui
458 1724 730 1778 exploratum
759 1732 845 1773 est,
889 1723 1102 1764 neminem
1130 1724 1256 1764 malle
1285 1738 1332 1765 se
1363 1738 1459 1766 esse

172 1789 443 1843 Apollonium
480 1805 603 1846 quam
645 1793 899 1833 Homerum.
965 1790 1247 1850 Quintilianus
1286 1791 1461 1847 quidem

174 1869 216 1898 x.
247 1870 276 1895 1.
314 1857 395 1907 ait,
446 1858 721 1912 Apollonium
761 1875 847 1900 non
891 1860 1238 1901 contemnendum
1279 1862 1464 1903 edidisse

176 1939 284 1978 opus
311 1927 485 1980 aequali
511 1928 701 1982 quadam
730 1928 1056 1975 mediocritatem
1086 1924 1163 1965 sed
1188 1925 1302 1980 quod
1323 1926 1463 1981 sequi-

175 1999 248 2030 tur
297 1992 527 2033 Frontonis
576 1992 782 2033 iudicium
823 1991 878 2032 (le
920 1991 1136 2046 Apollonii
1174 1994 1323 2032 saltem
1362 2008 1463 2048 pro-

175 2058 347 2098 hoemio
376 2059 474 2099 satis
502 2059 705 2099 acerbum
738 2069 813 2101 est.
843 2060 969 2119 Quod
999 2060 1035 2099 si
1064 2059 1322 2101 innotuisset
1362 2062 1466 2101 emi-

176 2125 422 2166 nentissimo
461 2126 556 2167 viro
598 2127 846 2181 Flanginio‚
902 2127 973 2183 qui
1011 2127 1057 2168 in
1102 2127 1370 2182 praelatione
1410 2130 1464 2169 ad

176 2191 367 2235 eiusdem
424 2195 830 2249 Interpretationem
888 2210 930 2250 p.
980 2209 1243 2235 xxu-xxvn.
1310 2196 1465 2236 iudicia

176 2259 404 2300 doctorum
441 2260 665 2303 hominum
695 2262 750 2303 de
775 2262 1007 2318 ³Apollonio
1045 2263 1108 2316 (et
1137 2262 1307 2318 quidem
1337 2278 1463 2317 saepe

177 2325 374 2382 adversa)
416 2328 615 2383 collegit,
666 2344 834 2371 causam
874 2339 1026 2383 poetae
1066 2329 1132 2369 sui
1168 2329 1359 2383 peiorem
1390 2344 1465 2385 op-

178 2393 283 2448 pido
333 2395 642 2448 existimasset,
700 2397 744 2436 in
792 2411 926 2452 eaque
974 2393 1135 2437 tuenda
1179 2394 1370 2447 segnius,
1419 2407 1502 2439 ut‘

179 2471 305 2516 puto,
353 2476 509 2503 nex-vos
535 2463 805 2505 intendisset.

236 2529 299 2582 (α)
332 2530 370 2568 Α
406 2530 575 2570 Seneca
618 2531 875 2586 philosopho
918 2530 1101 2584 scriptas
1143 2528 1267 2573 etiam
1309 2530 1466 2584 oratio-

184 2608 260 2635 nes
286 2594 419 2635 fuisse
447 2597 571 2638 testis
602 2607 668 2638 est
697 2597 983 2660 Quintilianus
1002 2611 1038 2634 x.
1076 2613 1106 2634 ι.
