1708 3028
342 201 421 243 232
505 240 531 257 ..
725 201 805 240 DE
832 201 1209 244 ORA‘ronissus

471 255 499 270 -Ἀ

345 321 437 375 sed
475 321 705 375 latentia
744 323 1048 386 eliciemus‚
1088 337 1276 391 atque
1305 301 1381 374 fad
1411 323 1589 394 *impe-

343 411 583 463 randum
598 426 652 472 (ι)
675 406 1069 482 indagabimus.
1111 413 1218 463 Hic
1240 411 1374 463 illud
1398 413 1562 473 etiam
1577 453 1589 474 ‚

345 514 411 553 ut
443 519 541 571 ego
580 501 839 565 arbitror,
907 505 1040 556 scite
1081 521 1112 553 a
1151 500 1314 554 nobis
1355 519 1591 553 conven-

343 603 482 654 tum,
509 577 708 662 quibus
729 592 1033 645 rationibus
1056 590 1226 643 verba
1240 592 1590 660 quaerantur,

342 693 408 733 ut
421 700 538 734 non
556 680 769 734 hiantes
793 684 1199 755 oscitantesque
1213 693 1594 752 exspectemus

344 771 568 842 quando
607 771 839 824 verbum
875 772 1019 825 ultro
1057 773 1115 823 in
1153 772 1397 840 linguam
1439 771 1597 842 quasi

343 863 643 939 palladium
677 863 747 915 de
777 864 926 916 caelo
964 863 1217 934 depluat,
1291 860 1384 914 sed
1416 872 1481 912 ut
1517 880 1599 913 re-

345 953 534 1022 giones
554 952 853 1005 verborum
878 967 933 1007 et
957 954 1123 1009 saltus
1148 954 1465 1036 noverimus
1481 992 1494 1013 ‚
1534 961 1599 1002 ut

343 1041 442 1093 ubi
465 1044 723 1112 quaesitis
749 1060 887 1113 opus
916 1045 1010 1107 sit,
1044 1044 1295 1114 perviam
1315 1043 1502 1112 potius
1529 1038 1598 1092 ad

344 1134 477 1185 vesti
486 1133 913 1204 gandum,quam
927 1133 1079 1183 invio
1093 1147 1149 1185 (π)
1161 1129 1595 1202 progrediamur.

345 1222 510 1276 Certa
539 1224 704 1292 igitur
735 1221 870 1274 haec
896 1223 1015 1274 loca
1057 1234 1188 1274 sunt
1219 1240 1250 1272 a
1278 1218 1431 1272 vobis
1470 1257 1484 1271 .
1527 1259 1541 1271 .
1585 1258 1595 1270 .

345 1312 410 1366 In
441 1314 634 1383 primis
659 1314 860 1366 oratori
883 1311 1218 1373 cavendum,
1251 1308 1477 1381 nequod
1501 1326 1600 1361 no·
1659 1304 1675 1309 ”

345 1422 478 1455 vum
492 1403 728 1456 verbum
742 1417 807 1458 ut
819 1424 907 1456 aes
924 1403 1295 1455 adulterinum
1307 1400 1598 1471 percutiat,

346 1507 412 1545 ut
480 1513 657 1546 unum
722 1506 778 1546 et
836 1491 980 1546 idem
1041 1489 1271 1543 verbum
1328 1501 1602 1542 vetustate

404 1690 471 1742 (ι)
502 1689 654 1729 Cicero
690 1689 750 1730 ad
779 1689 921 1728 Famil.
959 1701 1012 1727 ix.
1042 1687 1176 1741 Epist.
1206 1701 1299 1729 xxv.
1328 1688 1405 1728 ait:
1449 1688 1603 1728 »Nunc

352 1771 371 1792 s>
403 1754 502 1793 ades
541 1753 592 1794 ad
629 1753 940 1806 imperandum,
991 1753 1060 1791 vel
1099 1752 1151 1791 ad
1189 1753 1415 1805 parendum
1446 1754 1604 1804 potius:

351 1837 372 1858 s
406 1819 464 1858 sic
493 1820 601 1859 enim
628 1819 783 1873 antiqui
812 1817 1082 1871 loquebantur
1104 1835 1141 1855 ν.
1194 1818 1288 1875 Quo
1318 1817 1413 1857 loco
1444 1819 1489 1862 P,
1518 1819 1605 1856 Ma-

349 1885 486 1923 nutius
510 1884 733 1923 adnotavit:
775 1901 793 1921 »
809 1884 974 1936 Scripta
997 1892 1184 1922 veterum
1203 1883 1416 1931 interiere,
1451 1883 1491 1921 in
1516 1884 1605 1936 qui-

353 1967 373 1989 »
404 1950 478 1990 bus
507 1950 574 1988 hic
606 1948 799 2002 loquendi
829 1948 972 1986 modus
992 1948 1186 1987 crebrior
1207 1947 1296 1987 fuit.
1330 1948 1464 1988 Unius
1480 1947 1604 1999 igitur

354 2033 375 2054 ν
407 2016 587 2054 Sallustii
607 2023 769 2053 utemur
787 2013 1044 2053 testimonio:
1072 2014 1282 2065 Iugurtha
1301 2028 1390 2053 cum
1408 2015 1465 2052 ad
1478 2016 1605 2066 impe-

352 2096 375 2121 »
403 2083 583 2122 randum
601 2083 805 2122 Tisidium
817 2089 1048 2120 vocaretur
1062 2092 1092 2116 ›>.
1120 2077 1307 2116 Addatur
1331 2077 1408 2116 iam
1426 2079 1461 2116 F
1464 2086 1604 2116 ronto—

351 2147 416 2187 nis
433 2146 666 2187 auctoritas.
713 2148 908 2185 Ceterum
932 2143 1047 2197 quod
1068 2143 1178 2182 aiunt
1196 2143 1306 2195 apud
1319 2143 1604 2182 Forcellinum

354 2213 567 2262 nonnulli,
617 2226 665 2252 ea
695 2212 822 2251 verba
854 2211 924 2252 vel
958 2210 1016 2248 ad
1050 2211 1281 2260 parendum
1312 2213 1457 2261 pocius
1491 2208 1606 2247 addi-

355 2279 443 2318 titia
477 2291 567 2319 esse
594 2278 636 2316 in
665 2276 800 2316 Tullio
829 2284 870 2315 et
898 2274 1094 2314 scholium
1125 2273 1349 2323 redolere3
1405 2286 1482 2326 ego
1517 2273 1606 2326 qui-

355 2345 451 2385 dem
480 2345 521 2384 in
549 2352 728 2397 septem,
786 2354 891 2396 quos
922 2339 1130 2388 consului,
1167 2338 1364 2378 Tullianis
1392 2338 1606 2397 codicibus

356 2426 403 2451 ea
431 2406 566 2450 textui
595 2408 787 2448 Tulliano
818 2407 972 2445 inserta
1006 2403 1112 2455 vidi,
1139 2418 1221 2444 non
1250 2404 1399 2449 addita.

408 2476 476 2531 (τι)
502 2477 610 2515 Nota
643 2473 887 2517 adverbium
917 2474 1044 2515 invio.
