1664 3074
542 295 995 342 VOCABULORUM.
1331 294 1412 348 459

131 428 134 433 .
185 399 458 439 Temerarius
501 409 544 441 et
581 401 725 443 audax.
784 402 1078 450 Temerarius,
1118 405 1189 455 qui
1220 403 1312 440 sine
1340 413 1411 440 re-

129 479 281 524 spectu
307 470 454 511 salutis
498 471 645 512 obiicit
683 487 729 513 se
758 472 978 527 periculis.
1049 472 1195 512 Audax
1225 473 1316 513 sine
1345 483 1411 512 ra-

125 542 241 582 tione
284 542 488 597 impetum
529 542 644 586 facit.
714 545 831 598 Ergo
860 543 1009 584 Audax
1046 552 1130 583 non
1161 544 1410 598 praevidet,

125 614 403 655 Temerarius
432 628 518 654 non
546 616 680 656 timet.

179 688 373 743 Longum
397 697 440 728 et
462 689 750 744 longinquum.
778 692 971 744 Longum
983 682 1291 744 ⁴praeverbium
1316 699 1406 740 cst,

122 759 271 816 itaque
295 761 478 802 verbum
488 760 551 801 illi
563 753 808 816 opponitur.
849 763 1142 818 Longinquum
1155 763 1319 804 itineris
1334 772 1409 803 est.

181 831 304 875 Felix
327 841 372 874 et
395 832 646 877 fortunatus.
717 836 839 876 Felix
861 837 918 879 ita
943 834 1064 876 natu's
1087 845 1166 878 est.
1200 837 1408 876 Fortuna-

102 916 188 969 ‘tus
225 921 321 948 cum
359 907 508 962 opibus
546 921 702 949 nomen
743 904 911 964 accipit.
981 910 1043 949 Ita
1074 910 1199 949 Felix
1226 917 1407 949 naturae

56 1016 57 1019 ,
120 979 236 1020 bono
265 979 443 1021 fruitur:
474 983 734 1023 Fortunatus
764 982 988 1023 commodo
1015 983 1239 1037 temporis.

175 1053 328 1093 Aestas
348 1063 390 1095 et
409 1064 563 1096 aestus.
597 1056 747 1096 Aestas
773 1065 838 1097 est
858 1071 960 1111 pars
981 1056 1101 1096 anni:
1122 1056 1276 1096 Aestus
1290 1053 1406 1095 calor

119 1126 338 1179 temporis,
380 1128 533 1168 Aestus
575 1142 599 1168 a
650 1129 780 1169 nimio
827 1129 968 1169 calore
1017 1122 1174 1168 nomen
1213 1126 1406 1180 accepit:

120 1197 271 1238 Aestas
300 1213 454 1240 nemen
482 1214 567 1240 non
595 1202 760 1241 amittet
788 1201 954 1242 etiamsi
984 1209 1220 1255 temperata
1247 1208 1324 1240 est.

175 1270 309 1311 Citius
352 1280 396 1311 et
436 1265 630 1313 celerius,
677 1272 809 1313 Citius
850 1271 1154 1326 praeverbium
1193 1269 1406 1326 qualitatis

114 1343 375 1396 praelativae
404 1346 542 1385 simile
567 1346 826 1400 cognominis
845 1359 928 1400 pro
958 1354 1167 1385 maturum
1191 1351 1254 1383 est
1277 1325 1402 1383 etiam

117 1414 437 1469 significantiam
472 1417 656 1468 habens,
684 1426 732 1458 ut
767 1417 847 1458 iam
889 1415 992 1457 fessi
1026 1425 1123 1457 ante
1152 1426 1320 1470 tempus
1353 1428 1403 1454 re

114 1484 229 1528 facta
259 1489 283 1512 ³¹²
310 1520 322 1539 ‚
364 1499 412 1530 ut
455 1491 655 1544 loquatur
700 1503 787 1530 non
833 1490 1019 1530 ostendit
1065 1488 1279 1544 qualitatis
1325 1488 1404 1528 sed

112 1560 336 1613 temporis,
366 1571 408 1601 at
439 1561 637 1602 celeritas
666 1562 730 1602 sui
759 1562 967 1615 temporis
998 1570 1061 1601 est
1090 1559 1298 1614 perfecta.

171 1631 306 1672 Simul
350 1641 394 1672 et
436 1647 531 1674 una.
612 1632 746 1673 Simul
786 1632 930 1673 locum
977 1631 1270 1673 demonstrat:
1311 1631 1404 1671 Una

116 1703 502 1757 congregationem.

172 1775 417 1816 Comminus
465 1784 507 1816 et
545 1776 720 1816 Eminus
767 1791 790 1816 a
832 1775 1008 1827 iaculis3
1052 1772 1166 1830 quod
1217 1773 1326 1816 illud
1378 1791 1400 1816 a

115 1845 307 1887 manibus
335 1861 419 1886 non
450 1848 643 1899 recedit3
675 1849 758 1889 hoc
789 1862 813 1888 e
843 1848 1035 1888 manibus
1065 1848 1286 1891 emittitur.

169 1921 291 1959 Parsi
319 1928 363 1960 et
390 1921 582 1974 peperci.
613 1921 733 1960 Parsi
762 1921 914 1960 semel:
943 1922 1127 1975 Peperci
1156 1923 1340 1976 saepius.

166 1991 330 2040 Dicere
372 2003 414 2034 et
454 1993 570 2049 loqui
609 2002 652 2034 et
688 2008 880 2036 narrare.
917 1995 1109 2035 Dicimus
1139 1994 1251 2049 quod
1278 1995 1399 2036 volu-

112 2077 218 2106 mus,
251 2066 487 2120 Loquimur
514 2067 712 2108 invicem.
754 2069 987 2108 Nax-ramus
1017 2067 1133 2123 quod
1161 2068 1396 2122 ignoratur.

169 2131 325 2179 Vult'us
347 2147 389 2178 et
407 2152 468 2181 os,
513 2139 662 2183 Vultus
680 2140 859 2194 proprie
877 2140 1081 2181 hominis:
1110 2141 1173 2183 Os
1191 2142 1396 2183 omnium.

168 2211 427 2251 Memor-inse
464 2221 506 2252 et
543 2213 808 2257 memoriter.
878 2213 1161 2255 Memoriosus
1190 2214 1319 2254 habet
1348 2212 1399 2252 ad

113 2280 224 2322 dicta
251 2281 442 2338 factaque
472 2284 704 2326 referenda
743 2286 1010 2329 memoriam.
1071 2289 1240 2327 Memor
1269 2286 1399 2325 bene-

113 2351 202 2392 ficii
228 2355 477 2394 memoriam
513 2356 584 2398 vel
620 2356 804 2397 iniuriae
842 2356 995 2399 refert.
1039 2359 1106 2398 Ita
1139 2356 1395 2398 Memoriose

113 2424 186 2478 qui
225 2424 324 2465 facit
338 2456 354 2476 -‚
404 2429 590 2469 ostendit
631 2429 675 2468 in
729 2430 844 2469 omni
883 2443 933 2470 re
982 2439 1162 2473 naturae
1218 2430 1395 2469 bonum:

113 2478 392 2549 Memoriffem
449 2511 616 2555 gratum
661 2503 741 2552 vel,
774 2501 934 2543 fortem
980 2518 1033 2544 ex
1080 2517 1133 2542 eo
1183 2501 1394 2551 ostendit,

163 2647 219 2690 (')
250 2650 298 2680 Ita
321 2664 357 2682 re
370 2657 466 2692 facta
487 2655 523 2685 in
548 2655 696 2686 editione
719 2657 851 2686 Veneta
875 2656 954 2686 anni
984 2650 1079 2686 1522.
1127 2656 1173 2685 At
1196 2653 1396 2685 Putschiana

95 2710 209 2755 -peius
236 2716 354 2752 resuta.
389 2716 431 2746 Et
457 2716 548 2747 locus
573 2718 708 2758 quidem
736 2717 786 2749 vel
812 2718 951 2750 mutilus
969 2725 1029 2754 est,
1054 2716 1103 2748 vel
1122 2723 1210 2748 certe
1227 2717 1397 2749 obscurus.
