1708 3028
505 233 610 274 [AB.
637 231 688 272 11.
723 197 803 272 AD
833 232 1050 276 VERUM.
1322 233 1397 275 3ιι

116 357 358 413 dedisset
383 370 476 425 (=);
535 368 636 411 aut
682 354 839 430 quod
889 357 1171 409 Pacorum
1202 375 1394 429 ‚regno

44 477 55 488 ·
113 451 391 524 privasset
420 463 503 518 (σὴς
543 469 742 504 nonne
782 450 1038 502 oratione
1072 446 1397 503 huiusmodi

115 544 464 617 explicarent
476 540 594 599 ⁶?Et
613 539 815 596 dedere
839 562 981 602 num
995 583 1008 596 .
1024 583 1036 596 .
1055 582 1067 595 .
1082 542 1305 601 minore
1322 585 1333 595 .
1352 584 1363 596 .
1381 584 1394 595 .

112 634 262 691 bello
294 638 356 691 in
388 679 400 691 .
525 676 540 691 .
571 636 641 690 de
670 656 732 690 re
756 678 768 690 .
793 678 806 690 .
834 678 844 690 .
870 679 882 690 .
907 655 1142 710 operam
1179 647 1417 713 gestan-x

113 735 202 783 tes'
224 760 240 783 .·
259 771 271 782 .
296 770 308 783 .
332 728 572 784 scribtae
587 771 599 782 .
616 770 629 782 .
652 770 664 783 .
682 769 694 782 .
710 728 1011 783 Summum
1036 729 1396 801 eloquentiae

110 841 285 895 genus
318 835 403 876 est
435 820 505 877 de
548 821 884 877 sublimibus
926 819 1255 895 magnifice,
1325 819 1397 873 de

111 912 468 968 tenuioribus
508 912 798 988 frugaliter
836 914 1042 969 dicere.·

169 1136 239 1190 (ι)
269 1137 337 1177 De
350 1136 579 1187 Sohaemo,
599 1150 724 1192 quem
746 1137 788 1176 in
802 1137 958 1177 avitum
974 1135 1202 1185 Armeniae
1219 1148 1403 1189 regnum.

112 1203 162 1243 L.
194 1204 332 1246 Verus
369 1203 573 1244 adversus
610 1204 790 1244 Parthos
818 1218 867 1244 re
897 1205 1008 1243 bene
1039 1210 1159 1256 gesta
1188 1202 1399 1252 restituit,

112 1268 213 1310 vide
241 1269 353 1310 dicta
382 1271 556 1325 copiose
597 1285 620 1311 a
649 1271 772 1312 nobis
803 1271 846 1310 in
876 1269 1194 1311 Commentario
1223 1270 1401 1327 praevio

112 1335 228 1377 Part.
260 1337 309 1377 11.
341 1337 440 1391 cap.
471 1351 530 1381 vi.
563 1351 604 1391 p.
634 1341 776 1392 87-90.

170 1403 243 1457 (ω)
274 1403 474 1463 Quisnam
526 1402 656 1444 fuerit
703 1403 775 1445 hic
814 1404 1022 1453 Pacorus,
1064 1417 1190 1459 quem
1230 1405 1401 1444 Fronto

112 1470 338 1524 spoliatum
379 1484 514 1524 regno
554 1471 632 1521 ait,
688 1470 732 1511 id
780 1485 880 1511 sane
929 1472 1053 1511 nobis
1091 1471 1260 1511 nonnisi
1302 1483 1401 1511 con-

79 1577 82 1579 .
111 1535 286 1577 iecturis
323 1537 516 1591 indagari
550 1538 674 1593 posse
714 1538 900 1580 videtur.
958 1539 1112 1578 Plures
1141 1537 1298 1586 Pacori
1335 1551 1403 1577 re-

114 1602 196 1658 geas¹
239 1604 282 1643 in
338 1604 523 1646 historiis
579 1614 843 1646 occurrunt:
919 1605 996 1647 sed
1047 1615 1093 1647 nt
1142 1605 1402 1661 antiquiore·

115 1671 381 1722 omittamus,
414 1673 677 1725 Capitolinus
712 1672 883 1728 quidem
908 1674 969 1725 (in
994 1677 1154 1716 Marco
1171 1687 1213 1728 p.
1240 1685 1308 1726 Μ).
1338 1673 1403 1726 Ο.)

114 1739 328 1786 Pacorum
368 1738 474 1780 dicit
512 1753 536 1779 a
578 1741 657 1783 Pio
683 1755 833 1795 regem
864 1740 1004 1780 datum
1034 1739 1180 1781 Ladis.
1211 1740 1247 1780 F
1251 1747 1406 1780 uerunt

116 1814 260 1846 autem
292 1805 395 1845 Ludi
428 1816 525 1858 (seu
549 1808 932 1858 Lazi)·Colchidos
950 1808 1127 1857 incolae,
1156 1821 1263 1862 quae
1282 1807 1405 1860 regio

115 1870 292 1919 finitima
320 1873 548 1914 Armeniae
577 1882 655 1919 est.
708 1875 904 1915 Iamvero
932 1875 1048 1914 bello
1078 1874 1334 1914 Armeniaco
1364 1882 1407 1916 et

115 1939 317 1980 Parthico
350 1939 559 1991 conflato,
605 1943 795 1982 Pacorus
836 1941 1052 1981 Ladorum
1097 1954 1176 1981 rex
1220 1941 1401 1981 hostium

115 2015 260 2061 partes
289 2005 467 2048 fortasse
497 2016 691 2058 secutus,
734 2009 889 2049 merito
919 2022 942 2047 a
970 2010 1020 2048 L.
1054 2009 1172 2051 Vero
1202 2008 1406 2062 spoliatus

114 2087 250 2128 regno
277 2069 407 2115 fuiizse
432 2075 614 2116 videtur.
644 2074 730 2116 Sed
761 2075 872 2115 enim
891 2085 936 2115 et
951 2077 1159 2116 Pac-orum
1174 2076 1404 2129 Vologaesi

116 2142 234 2182 tertii
262 2151 410 2183 contra
441 2155 568 2197 quem
596 2144 645 2186 L.
680 2144 820 2184 Verus
843 2142 1030 2192 bellavit,
1058 2141 1237 2183 forsitan
1269 2141 1403 2181 filium

119 2208 272 2250 videsis
293 2209 406 2249 inter
425 2209 614 2250 incertos
633 2210 815 2250 Arsaces
841 2210 954 2265 apud
974 2210 1228 2251 Eckhelium
1253 2210 1402 2249 Doctr-

120 2290 229 2316 num.
266 2285 347 2319 vet.
381 2278 501 2316 Tom.
532 2279 569 2319 3.
602 2291 644 2331 p.
676 2278 870 2330 539-513o.
