1708 3028
300 225 383 271 :334
684 223 761 261 DE
790 223 1169 265 ORA'I'IONIBUS

301 349 361 397 et
377 346 549 416 ungui
565 356 650 407 (¹),
679 358 735 398 et
767 354 948 398 cetera
971 345 1289 399 huiusmodi
1315 345 1551 411 munet'a

301 435 435 488 sunt
447 437 707 507 sapientis
721 433 814 487 offi
822 438 987 491 ciam.
1002 437 1353 508 Quamquam
1366 459 1550 510 neque

299 527 359 577 in
393 524 602 578 balneis
629 528 920 598 quisquam
955 529 1226 600 sapientia
1249 569 1260 581 .
1287 569 1298 580 .
1327 570 1338 581 .
1365 515 1551 600 neque

299 627 364 667 ut
388 617 531 668 circa
554 657 565 667 .
592 657 602 668 .
630 657 642 668 .
669 614 737 667 ad
759 637 1006 670 mensam
1030 637 1275 681 cenareS,
1315 618 1550 690 prandio

297 724 572 768 vomeres,
631 709 958 777 sapientiam
992 720 1238 762 ructares
1273 706 1306 738 ’θ
1342 751 1356 764 .
1398 749 1409 761 .
1451 748 1464 760 .
1506 709 1553 761 si

300 795 477 849 ederis
502 837 514 848 .
540 838 552 848 .
582 838 594 849 .
621 798 730 850 nisi
759 799 980 873 vixeris.
1044 798 1194 872 Quid
1230 801 1396 871 igitur
1426 799 1552 852 istic

251 872 255 875 ¹
299 885 680 961 admpnendus
712 907 795 950 es,
835 908 908 940 ne
937 928 949 940 .
984 930 995 940 .
1031 929 1043 940 .
1073 889 1181 941 hoc
1203 930 1214 941 .
1239 930 1250 941 .
1277 930 1289 941 .
1311 887 1550 960 prandio

254 984 255 987 ’
299 988 355 1029 et
384 963 577 1027 niensa
611 977 778 1028 situm
810 978 1101 1030 existimes,
1179 979 1310 1031 Non
1351 992 1434 1031 est
1475 998 1553 1031 sa-

294 1065 545 1137 pientiae
576 1067 864 1134 negotium
901 1068 1074 1130 vesci‚
1143 1066 1238 1120 sed
1278 1069 1398 1120 sine
1437 1069 1554 1120 vita

297 1175 437 1226 quae
471 1156 591 1206 civo
617 1168 672 1213 (3)
725 1166 969 1221 constat3
1037 1156 1190 1208 nulla
1232 1158 1554 1229 sapientia,

297 1243 478 1298 studia
498 1240 651 1296 nulla
677 1263 791 1296 esse
817 1258 1070 1315 possunt.
1112 1246 1282 1298 Nunc
1321 1287 1334 1299 .
1379 1288 1390 1299 .
1434 1289 1446 1300 .
1489 1241 1503 1301 .’
1538 1288 1551 1299 .

295 1334 449 1387 vides
486 1335 655 1404 igitur
680 1375 691 1386 .
715 1374 728 1386 .
755 1375 766 1386 .
790 1331 976 1386 officia
1003 1376 1015 1387 .
1049 1375 1060 1386 .
1095 1376 1107 1387 .
1140 1337 1215 1388 At
1233 1355 1347 1390 non
1376 1356 1553 1408 aeque

297 1424 584 1495 sequentia
615 1420 825 1485 officia,
878 1442 1019 1494 quae
1051 1438 1181 1478 sunt
1212 1424 1552 1497 qualitati*³*

444 1606 467 1631 ²⁸¹
499 1609 562 1652 In
606 1608 864 1668 margine:
927 1610 1104 1653 Prandio
1142 1626 1304 1654 comeso
1341 1628 1406 1654 sa-

532 1692 735 1750 pientiam
774 1692 962 1736 ructarit.

445 1770 489 1795 *¹⁸²
521 1771 584 1815 In
608 1770 862 1830 margine:
898 1773 1088 1816 Secunda
1119 1773 1277 1832 species
1303 1789 1405 1834 qua·
1453 1829 1474 1853 ο

531 1856 663 1899 litatis
698 1856 786 1898 haec
825 1866 905 1901 est·

351 2030 422 2082 (ι)
446 2031 513 2070 ‘Ita
542 2029 646 2071 cod.
676 2035 809 2083 ungui
836 2043 916 2083 pro
945 2034 1060 2083 ungi.
1105 2031 1166 2069 Ita
1195 2029 1319 2069 etiam
1347 2029 1390 2068 in
1409 2031 1553 2084 Opere

297 2097 350 2136 de
370 2097 493 2138 Bello
513 2097 733 2137 Parthico.
788 2097 925 2150 Atque
945 2096 1050 2136 haec
1074 2105 1138 2135 est
1156 2096 1321 2150 antiqua
1339 2095 1556 2149 orthogra-

298 2162 395 2214 phia
432 2161 553 2201 huius
586 2161 720 2203 verbi.
761 2162 814 2204 V.
857 2161 1011 2201 Cellar.
1053 2161 1253 2213 Orthogr.
1281 2161 1349 2201 lat.
1377 2175 1423 2214 p.
1461 2160 1552 2206 116.

297 2227 367 2268 Sic
397 2227 505 2281 apud
533 2227 805 2269 Claudianum
835 2243 1018 2280 urgueo,
1050 2237 1252 2279 turgum,
1281 2231 1443 2279 tinguo.

353 2294 422 2346 (2)
463 2294 517 2332 At
549 2293 715 2332 Marcus
756 2296 832 2334 De
867 2295 989 2334 rebus
1026 2297 1113 2335 suis
1149 2307 1206 2333 vi.
1250 2295 1311 2334 13.
1355 2307 1442 2334 vin.
1484 2299 1551 2340 24.

299 2358 515 2409 ciborum,
580 2356 858 2408 balneorum,
928 2367 1316 2411 unguentorumque
1373 2358 1554 2397 oblecta-

298 2425 434 2464 tiones
463 2424 754 2478 philosophico
784 2425 1012 2478 supercilio
1040 2424 1278 2465 contemnit.

296 2520 298 2522 -
353 2491 421 2544 (3)
454 2493 514 2530 Ita
543 2490 647 2532 cod.
677 2505 757 2546 pro
785 2493 891 2532 cibo.
