1708 3028
568 198 593 225 ζ

561 285 613 324 <L
643 281 860 324 l-BER
914 281 975 322 11.
1026 287 1028 290 ’
1339 277 1421 335 269

141 413 361 470 nummi
402 423 460 466 et
498 404 880 464 cuiuscemodi
908 421 968 465 (ι)
1018 403 1320 458 adulterini
1358 408 1424 460 in

140 508 260 561 istis
335 502 655 559 recentibus
735 499 980 554 nummis
1051 499 1271 570 saepius
1339 499 1424 552 in·-

141 600 454 653 veniuntur
473 639 486 662 ,
556 611 727 667 quam
766 594 830 645 in
878 591 1110 644 vetustis
1134 633 1147 654 ,
1215 589 1423 662 quibus

142 873 266 915 Adde
277 873 471 920 Plautum
487 873 632 914 Cas-in.
655 884 694 912 2.
708 872 747 914 3.
764 875 832 918 4⁰·
847 865 988 910 Most.
1005 873 1045 916 4.
1061 881 1100 908 2.
1121 881 1182 909 ιι.
1204 867 1323 910 Trin.
1338 875 1376 916 4.
1391 882 1446 925 αιι

142 955 240 984 120.
271 940 500 981 Plumbeos
518 948 660 979 tamen
678 949 874 975 nummos
901 949 1049 976 veram
1075 948 1162 976 non
1190 934 1321 976 fuisse
1339 925 1442 976 moJ

140 1017 297 1058 aetam,
324 1006 401 1048 sed
422 1005 514 1046 aliis
537 1004 683 1045 usibus
702 1003 930 1044 destinatos
950 1003 1232 1043 vehementer
1256 1012 1432 1044 conten-

142 1073 206 1125 dit
225 1075 463 1115 Eicoronus
479 1072 525 1112 in
542 1069 730 1112 Praefat.
753 1070 806 1110 ad
820 1073 932 1110 Part.
948 1071 1002 1109 11.
1029 1069 1188 1123 Operis
1206 1074 1238 1111 I
1259 1073 1433 1114 Piombz‘

142 1142 334 1190 mhi,
363 1154 436 1191 ‘ex
475 1153 610 1194 eoque
653 1137 889 1178 Eckhelius
928 1137 1080 1177 Doctr.
1111 1151 1231 1178 num.
1261 1148 1346 1180 vet.
1378 1141 1433 1182 Τ.

144 1209 187 1253 1.,
222 1222 266 1262 p.
291 1222 365 1255 ·xx.
408 1215 452 1246 et
492 1208 612 1246 Tom.
641 1219 731 1246 vm.
771 1218 816 1258 p.
849 1205 946 1246 318.
989 1217 1108 1242 secus
1149 1216 1200 1243 ac
1238 1205 1434 1246 nonnulli

144 1276 358 1317 Auctores
384 1281 632 1313 censuerant
663 1270 776 1324 apud
805 1269 1000 1310 eumdem
1015 1271 1278 1310 Ficoronum
1297 1285 1341 1325 p.
1363 1274 1433 1313 81.

203 1340 409 1391 Ceterum
443 1346 587 1378 utrum
634 1337 797 1377 indicet
834 1336 916 1377 hoc
954 1337 1052 1377 loco
1091 1338 1255 1378 Fronto
1295 1338 1434 1392 plum-

142 1406 248 1448 beos
286 1419 478 1446 nummos
515 1404 774 1459 pretiosiore
802 1404 980 1444 metallo
1008 1404 1276 1458 pelliculatos
1305 1406 1434 1448 adeo-

142 1463 228 1529 que
257 1473 540 1521 adulterinos,
584 1485 635 1510 an
662 1484 809 1511 veram
837 1470 1080 1526 plumbeam
1108 1482 1322 1513 monetam
1350 1488 1434 1529 pez·

67 1591 70 1594 ‚
145 1549 435 1596 contemptum
472 1545 671 1578 numeret
715 1538 761 1577 in
806 1537 1069 1588 adulterina,
1124 1538 1299 1587 definite
1345 1555 1434 1583 non

145 1609 296 1650 dicam.
360 1606 566 1647 Martialis
605 1606 751 1661 utique
783 1615 965 1662 uterque
1005 1607 1125 1646 locus
1164 1620 1287 1647 usum
1328 1609 1435 1663 legi-

143 1676 295 1723 timum
331 1674 630 1730 plumbeorum
669 1686 939 1714 nummorum
977 1673 1082 1713 mihi
1131 1656 1326 1716 indicare
1370 1676 1436 1717 vi-

145 1741 286 1784 detur.
343 1742 445 1780 Hoc
475 1740 674 1796 equidem
704 1740 847 1780 obiter
875 1739 1033 1790 dicam,
1061 1750 1302 1794 suspectam
1330 1743 1436 1782 mihi

150 1823 246 1857 esse
285 1808 538 1848 sententiam
577 1807 773 1848 Eckhelii
813 1806 888 1861 qui
926 1808 974 1847 Τ.
1017 1807 1048 1851 1,
1083 1821 1126 1861 p.
1163 1821 1229 1847 xx.
1274 1808 1437 1864 duplex

148 1883 282 1930 genus
320 1888 552 1914 recensens
593 1887 858 1914 nummorum
894 1873 1217 1927 plumbeorum,
1261 1876 1434 1918 ALlOS

148 1944 228 1983 EX
266 1941 362 1981 HIS
400 1939 503 1981 dicit
538 1942 678 1982 ESSE
724 1939 937 1981 ANIMAS
976 1941 1435 1986 ARGENTEORUM.

147 2011 234 2052 Aes
273 2007 444 2064 quidem
481 2017 523 2048 et
567 2008 774 2048 eiusmodi
812 2006 918 2047 dura
955 2008 1125 2048 metalla
1164 2008 1301 2050 anima
1341 2024 1437 2052 esse

146 2084 321 2132 possunt
383 2074 584 2128 argenti,
659 2074 868 2130 siquidem
925 2074 1012 2117 vim
1073 2079 1291 2118 commatis
1346 2078 1439 2133 pati

148 2152 310 2201 queunt
369 2143 478 2196 quin·
531 2142 802 2193 dilatentur,¹
848 2149 893 2183 et
944 2137 1187 2195 pelliculam
1241 2146 1438 2198 superin-

149 2211 336 2262 ductam,
384 2207 535 2249 fraude
572 2209 764 2260 detecta,
804 2207 1025 2251 excedant.
1085 2209 1173 2250 Sed
1201 2219 1351 2252 contra
1379 2212 1437 2253 de

147 2277 326 2333 plumbo
354 2275 583 2318 dicendum
610 2276 794 2319 videtur.
847 2276 1000 2316 Plures
1036 2286 1156 2318 certe
1182 2278 1437 2321 ostendebat

143 2343 465 2409 ‚mihtveteres
508 2358 705 2385 nummos
753 2344 1022 2399 pelliculatos
1067 2345 1112 2384 in
1149 2347 1299 2386 Museo
1345 2360 1435 2401 reg.

146 2425 260 2461 num,
297 2409 472 2461 Mpdiol.
510 2412 708 2464 egregius
750 2411 942 2452 eiusdem
986 2413 1137 2454 Custos
1183 2413 1441 2464 cattaneus..

150 2490 330 2533 quorum
365 2478 531 2529 nullus,
574 2478 766 2531 adhibito
808 2479 1028 2530 examine,
1078 2478 1322 2535 plumbeam
1350 2480 1437 2521 ani-

147 2557 256 2601 mam
282 2544 486 2599 prodidit,

205 2622 270 2675 (ι)
298 2622 362 2666 Ita
389 2623 498 2667 Cod·
529 2625 832 2677 cuiuscemodi2
