<?xml version="1.0" encoding="UTF-8"?>
<!DOCTYPE html PUBLIC "-//W3C//DTD XHTML 1.0 Transitional//EN"
    "http://www.w3.org/TR/xhtml1/DTD/xhtml1-transitional.dtd">
<html xmlns="http://www.w3.org/1999/xhtml" xml:lang="en" lang="en">
 <head>
  <title>
</title>
<meta http-equiv="Content-Type" content="text/html;charset=utf-8" />
  <meta name='ocr-system' content='tesseract 3.04.00' />
  <meta name='ocr-capabilities' content='ocr_page ocr_carea ocr_par ocr_line ocrx_word'/>
</head>
<body>
  <div class='ocr_page' id='page_1' title='image "./operaomnia02horauoft_0273.png"; bbox 0 0 1664 3074; ppageno 0'>
   <div class='ocr_carea' id='block_1_1' title="bbox 508 210 1372 270">
    <p class='ocr_par' dir='ltr' id='par_1_1' title="bbox 508 210 1372 270">
     <span class='ocr_line' id='line_1_1' title="bbox 508 210 1372 270; baseline -0.009 0"><span class='ocrx_word' id='word_1_1' title='bbox 508 223 959 270; x_wconf 62' lang='lat' dir='ltr'><strong>vocassonormm.</strong></span> <span class='ocrx_word' id='word_1_2' title='bbox 1094 210 1109 219; x_wconf 77' lang='grc'><strong>“</strong></span> <span class='ocrx_word' id='word_1_3' title='bbox 1293 221 1372 270; x_wconf 67' lang='grc' dir='ltr'><strong>48ι</strong></span> 
     </span>
    </p>
   </div>
   <div class='ocr_carea' id='block_1_2' title="bbox 56 343 1393 2549">
    <p class='ocr_par' dir='ltr' id='par_1_2' title="bbox 153 343 1374 397">
     <span class='ocr_line' id='line_1_2' title="bbox 153 343 1374 397; baseline -0.011 0"><span class='ocrx_word' id='word_1_4' title='bbox 153 352 338 397; x_wconf 81' lang='lat' dir='ltr'><strong>occulte</strong></span> <span class='ocrx_word' id='word_1_5' title='bbox 381 359 426 391; x_wconf 86' lang='lat' dir='ltr'><strong>et</strong></span> <span class='ocrx_word' id='word_1_6' title='bbox 455 349 578 392; x_wconf 87' lang='lat' dir='ltr'><strong>elam.</strong></span> <span class='ocrx_word' id='word_1_7' title='bbox 637 348 816 391; x_wconf 87' lang='lat' dir='ltr'><strong>Occulte</strong></span> <span class='ocrx_word' id='word_1_8' title='bbox 844 345 990 385; x_wconf 86' lang='lat' dir='ltr'><strong>latent.</strong></span> <span class='ocrx_word' id='word_1_9' title='bbox 1052 345 1168 386; x_wconf 87' lang='lat' dir='ltr'><strong>Clam</strong></span> <span class='ocrx_word' id='word_1_10' title='bbox 1199 343 1374 384; x_wconf 80' lang='lat' dir='ltr'><strong>caelant.</strong></span> 
     </span>
    </p>

    <p class='ocr_par' dir='ltr' id='par_1_3' title="bbox 73 404 1381 944">
     <span class='ocr_line' id='line_1_3' title="bbox 96 404 1377 472; baseline -0.009 -10"><span class='ocrx_word' id='word_1_11' title='bbox 96 421 239 471; x_wconf 56' lang='lat' dir='ltr'><strong>Altefi</strong></span> <span class='ocrx_word' id='word_1_12' title='bbox 279 433 367 459; x_wconf 89' lang='lat' dir='ltr'><strong>non</strong></span> <span class='ocrx_word' id='word_1_13' title='bbox 404 416 616 472; x_wconf 83' lang='lat' dir='ltr'><strong>prodere:</strong></span> <span class='ocrx_word' id='word_1_14' title='bbox 664 404 789 455; x_wconf 83' lang='lat' dir='ltr'><strong>alteri</strong></span> <span class='ocrx_word' id='word_1_15' title='bbox 825 413 990 454; x_wconf 84' lang='lat' dir='ltr'><strong>caelare</strong></span> <span class='ocrx_word' id='word_1_16' title='bbox 1018 412 1203 452; x_wconf 80' lang='lat' dir='ltr'><strong>naturali</strong></span> <span class='ocrx_word' id='word_1_17' title='bbox 1228 411 1377 451; x_wconf 83' lang='lat' dir='ltr'><strong>habitu</strong></span> 
     </span>
     <span class='ocr_line' id='line_1_4' title="bbox 97 488 222 529; baseline -0.024 0"><span class='ocrx_word' id='word_1_18' title='bbox 97 488 222 529; x_wconf 81' lang='lat' dir='ltr'><strong>inest.</strong></span> 
     </span>
     <span class='ocr_line' id='line_1_5' title="bbox 106 544 1375 601; baseline -0.009 -5"><span class='ocrx_word' id='word_1_19' title='bbox 106 575 111 578; x_wconf 96' lang='lat'>·</span> <span class='ocrx_word' id='word_1_20' title='bbox 150 547 316 595; x_wconf 78' lang='lat' dir='ltr'><strong>Navum</strong></span> <span class='ocrx_word' id='word_1_21' title='bbox 345 561 387 592; x_wconf 89' lang='lat' dir='ltr'><strong>et</strong></span> <span class='ocrx_word' id='word_1_22' title='bbox 417 552 620 592; x_wconf 86' lang='lat' dir='ltr'><strong>celerem.</strong></span> <span class='ocrx_word' id='word_1_23' title='bbox 653 549 793 589; x_wconf 81' lang='lat' dir='ltr'><strong>Navus</strong></span> <span class='ocrx_word' id='word_1_24' title='bbox 813 561 835 586; x_wconf 88' lang='lat' dir='ltr'><strong>a</strong></span> <span class='ocrx_word' id='word_1_25' title='bbox 852 544 1083 601; x_wconf 73' lang='lat' dir='ltr'><strong>praecipuo</strong></span> <span class='ocrx_word' id='word_1_26' title='bbox 1105 545 1222 585; x_wconf 83' lang='lat' dir='ltr'><strong>navis</strong></span> <span class='ocrx_word' id='word_1_27' title='bbox 1245 557 1375 585; x_wconf 86' lang='lat' dir='ltr'><strong>cursu</strong></span> 
     </span>
     <span class='ocr_line' id='line_1_6' title="bbox 97 612 1380 666; baseline -0.007 -5"><span class='ocrx_word' id='word_1_28' title='bbox 97 619 276 661; x_wconf 83' lang='lat' dir='ltr'><strong>dicitur:</strong></span> <span class='ocrx_word' id='word_1_29' title='bbox 326 618 397 659; x_wconf 85' lang='lat' dir='ltr'><strong>vel</strong></span> <span class='ocrx_word' id='word_1_30' title='bbox 439 617 609 658; x_wconf 87' lang='lat' dir='ltr'><strong>alterius</strong></span> <span class='ocrx_word' id='word_1_31' title='bbox 651 629 774 656; x_wconf 79' lang='lat' dir='ltr'><strong>causa</strong></span> <span class='ocrx_word' id='word_1_32' title='bbox 813 623 956 662; x_wconf 83' lang='lat' dir='ltr'><strong>natus,</strong></span> <span class='ocrx_word' id='word_1_33' title='bbox 1005 612 1078 666; x_wconf 85' lang='lat' dir='ltr'><strong>qui</strong></span> <span class='ocrx_word' id='word_1_34' title='bbox 1116 612 1260 651; x_wconf 85' lang='lat' dir='ltr'><strong>studet</strong></span> <span class='ocrx_word' id='word_1_35' title='bbox 1298 626 1380 666; x_wconf 86' lang='lat' dir='ltr'><strong>per</strong></span> 
     </span>
     <span class='ocr_line' id='line_1_7' title="bbox 73 680 1379 736; baseline -0.008 -8"><span class='ocrx_word' id='word_1_36' title='bbox 73 686 284 729; x_wconf 69' lang='lat' dir='ltr'><strong>&#39;officium</strong></span> <span class='ocrx_word' id='word_1_37' title='bbox 326 700 468 727; x_wconf 78' lang='lat' dir='ltr'><strong>suum:</strong></span> <span class='ocrx_word' id='word_1_38' title='bbox 520 692 564 725; x_wconf 85' lang='lat' dir='ltr'><strong>et</strong></span> <span class='ocrx_word' id='word_1_39' title='bbox 599 682 755 736; x_wconf 82' lang='lat' dir='ltr'><strong>recipit</strong></span> <span class='ocrx_word' id='word_1_40' title='bbox 794 680 1155 734; x_wconf 80' lang='lat' dir='ltr'><strong>comparationem</strong></span> <span class='ocrx_word' id='word_1_41' title='bbox 1191 681 1379 733; x_wconf 83' lang='lat' dir='ltr'><strong>superla—</strong></span> 
     </span>
     <span class='ocr_line' id='line_1_8' title="bbox 95 747 1380 808; baseline -0.007 -13"><span class='ocrx_word' id='word_1_42' title='bbox 95 757 366 808; x_wconf 77' lang='lat' dir='ltr'><strong>tionemque,</strong></span> <span class='ocrx_word' id='word_1_43' title='bbox 414 753 511 808; x_wconf 89' lang='lat' dir='ltr'><strong>quia</strong></span> <span class='ocrx_word' id='word_1_44' title='bbox 555 762 790 805; x_wconf 80' lang='lat' dir='ltr'><strong>cognomen</strong></span> <span class='ocrx_word' id='word_1_45' title='bbox 829 757 904 788; x_wconf 85' lang='lat' dir='ltr'><strong>est.</strong></span> <span class='ocrx_word' id='word_1_46' title='bbox 939 748 1002 788; x_wconf 87' lang='lat' dir='ltr'><strong>Ita</strong></span> <span class='ocrx_word' id='word_1_47' title='bbox 1029 747 1173 788; x_wconf 79' lang='lat' dir='ltr'><strong>Navus</strong></span> <span class='ocrx_word' id='word_1_48' title='bbox 1204 760 1380 801; x_wconf 83' lang='lat' dir='ltr'><strong>operam</strong></span> 
     </span>
     <span class='ocr_line' id='line_1_9' title="bbox 98 808 1381 870; baseline -0.006 -8"><span class='ocrx_word' id='word_1_49' title='bbox 98 831 224 863; x_wconf 77' lang='lat' dir='ltr'><strong>navat</strong></span> <span class='ocrx_word' id='word_1_50' title='bbox 251 819 401 860; x_wconf 83' lang='lat' dir='ltr'><strong>alteri:</strong></span> <span class='ocrx_word' id='word_1_51' title='bbox 447 819 577 860; x_wconf 85' lang='lat' dir='ltr'><strong>Celer</strong></span> <span class='ocrx_word' id='word_1_52' title='bbox 605 827 651 859; x_wconf 93' lang='lat' dir='ltr'><strong>ut</strong></span> <span class='ocrx_word' id='word_1_53' title='bbox 680 808 796 857; x_wconf 83' lang='lat' dir='ltr'><strong>suam</strong></span> <span class='ocrx_word' id='word_1_54' title='bbox 823 828 941 865; x_wconf 85' lang='lat' dir='ltr'><strong>rem,</strong></span> <span class='ocrx_word' id='word_1_55' title='bbox 980 813 1037 854; x_wconf 81' lang='lat' dir='ltr'><strong>ita</strong></span> <span class='ocrx_word' id='word_1_56' title='bbox 1065 813 1241 854; x_wconf 77' lang='lat' dir='ltr'><strong>alterius</strong></span> <span class='ocrx_word' id='word_1_57' title='bbox 1277 828 1381 870; x_wconf 92' lang='lat' dir='ltr'><strong>quo-</strong></span> 
     </span>
     <span class='ocr_line' id='line_1_10' title="bbox 99 885 625 944; baseline -0.01 -15"><span class='ocrx_word' id='word_1_58' title='bbox 99 903 181 944; x_wconf 88' lang='lat' dir='ltr'><strong>que</strong></span> <span class='ocrx_word' id='word_1_59' title='bbox 212 887 412 928; x_wconf 79' lang='lat' dir='ltr'><strong>celeriter</strong></span> <span class='ocrx_word' id='word_1_60' title='bbox 439 885 625 941; x_wconf 82' lang='lat' dir='ltr'><strong>perficit.</strong></span> 
     </span>
    </p>

    <p class='ocr_par' dir='ltr' id='par_1_4' title="bbox 97 944 1380 1068">
     <span class='ocr_line' id='line_1_11' title="bbox 151 944 1380 1009; baseline -0.006 -14"><span class='ocrx_word' id='word_1_61' title='bbox 151 954 346 1009; x_wconf 64' lang='lat' dir='ltr'><strong>Atgilem,</strong></span> <span class='ocrx_word' id='word_1_62' title='bbox 398 962 442 994; x_wconf 89' lang='lat' dir='ltr'><strong>et</strong></span> <span class='ocrx_word' id='word_1_63' title='bbox 471 948 715 1002; x_wconf 86' lang='lat' dir='ltr'><strong>strenuum,</strong></span> <span class='ocrx_word' id='word_1_64' title='bbox 766 958 810 990; x_wconf 79' lang='lat' dir='ltr'><strong>et</strong></span> <span class='ocrx_word' id='word_1_65' title='bbox 836 949 1007 990; x_wconf 82' lang='lat' dir='ltr'><strong>fortem.</strong></span> <span class='ocrx_word' id='word_1_66' title='bbox 1074 944 1242 1002; x_wconf 82' lang='lat' dir='ltr'><strong>Agilem</strong></span> <span class='ocrx_word' id='word_1_67' title='bbox 1270 948 1380 989; x_wconf 87' lang='lat' dir='ltr'><strong>actio</strong></span> 
     </span>
     <span class='ocr_line' id='line_1_12' title="bbox 97 1019 1116 1068; baseline -0.009 -6"><span class='ocrx_word' id='word_1_68' title='bbox 97 1021 220 1062; x_wconf 79' lang='lat' dir='ltr'><strong>facit:</strong></span> <span class='ocrx_word' id='word_1_69' title='bbox 270 1023 500 1062; x_wconf 73' lang='lat' dir='ltr'><strong>Strenuum</strong></span> <span class='ocrx_word' id='word_1_70' title='bbox 529 1024 691 1059; x_wconf 82' lang='lat' dir='ltr'><strong>motus:</strong></span> <span class='ocrx_word' id='word_1_71' title='bbox 739 1019 914 1058; x_wconf 84' lang='lat' dir='ltr'><strong>Fortem</strong></span> <span class='ocrx_word' id='word_1_72' title='bbox 948 1028 1116 1068; x_wconf 84' lang='lat' dir='ltr'><strong>corpus.</strong></span> 
     </span>
    </p>

    <p class='ocr_par' dir='ltr' id='par_1_5' title="bbox 100 1081 1385 1208">
     <span class='ocr_line' id='line_1_13' title="bbox 156 1081 1385 1128; baseline -0.004 -1"><span class='ocrx_word' id='word_1_73' title='bbox 156 1087 466 1128; x_wconf 83' lang='lat' dir='ltr'><strong>Contumeliam</strong></span> <span class='ocrx_word' id='word_1_74' title='bbox 495 1094 540 1127; x_wconf 85' lang='lat' dir='ltr'><strong>et</strong></span> <span class='ocrx_word' id='word_1_75' title='bbox 565 1085 777 1126; x_wconf 84' lang='lat' dir='ltr'><strong>iniuriam.</strong></span> <span class='ocrx_word' id='word_1_76' title='bbox 830 1083 1140 1124; x_wconf 86' lang='lat' dir='ltr'><strong>Contumeliam</strong></span> <span class='ocrx_word' id='word_1_77' title='bbox 1170 1081 1385 1123; x_wconf 80' lang='lat' dir='ltr'><strong>inferunt:</strong></span> 
     </span>
     <span class='ocr_line' id='line_1_14' title="bbox 100 1148 729 1208; baseline 0.003 -16"><span class='ocrx_word' id='word_1_78' title='bbox 100 1153 302 1194; x_wconf 84' lang='lat' dir='ltr'><strong>Iniuriam</strong></span> <span class='ocrx_word' id='word_1_79' title='bbox 331 1154 559 1208; x_wconf 85' lang='lat' dir='ltr'><strong>patiuntur.</strong></span> <span class='ocrx_word' id='word_1_80' title='bbox 727 1148 729 1152; x_wconf 57' lang='grc'>’</span> 
     </span>
    </p>

    <p class='ocr_par' dir='ltr' id='par_1_6' title="bbox 56 1215 1384 1341">
     <span class='ocr_line' id='line_1_15' title="bbox 159 1215 1384 1275; baseline -0.003 -14"><span class='ocrx_word' id='word_1_81' title='bbox 159 1222 410 1275; x_wconf 81' lang='lat' dir='ltr'><strong>Spectacula</strong></span> <span class='ocrx_word' id='word_1_82' title='bbox 440 1230 481 1261; x_wconf 90' lang='lat' dir='ltr'><strong>ct</strong></span> <span class='ocrx_word' id='word_1_83' title='bbox 511 1217 812 1274; x_wconf 78' lang='lat' dir='ltr'><strong>spectamenta.</strong></span> <span class='ocrx_word' id='word_1_84' title='bbox 859 1216 1114 1273; x_wconf 68' lang='lat' dir='ltr'><strong>Spectacula</strong></span> <span class='ocrx_word' id='word_1_85' title='bbox 1141 1215 1235 1256; x_wconf 88' lang='lat' dir='ltr'><strong>loca</strong></span> <span class='ocrx_word' id='word_1_86' title='bbox 1263 1225 1384 1266; x_wconf 87' lang='lat' dir='ltr'><strong>sunt,</strong></span> 
     </span>
     <span class='ocr_line' id='line_1_16' title="bbox 56 1286 1292 1341; baseline -0.002 -14"><span class='ocrx_word' id='word_1_87' title='bbox 56 1309 60 1311; x_wconf 59' lang='lat'>&gt;</span> <span class='ocrx_word' id='word_1_88' title='bbox 101 1286 215 1328; x_wconf 89' lang='lat' dir='ltr'><strong>unde</strong></span> <span class='ocrx_word' id='word_1_89' title='bbox 247 1296 508 1341; x_wconf 76' lang='lat' dir='ltr'><strong>spectamus:</strong></span> <span class='ocrx_word' id='word_1_90' title='bbox 536 1288 853 1341; x_wconf 85' lang='lat' dir='ltr'><strong>Spectamenta‚</strong></span> <span class='ocrx_word' id='word_1_91' title='bbox 894 1297 1001 1338; x_wconf 87' lang='lat' dir='ltr'><strong>quae</strong></span> <span class='ocrx_word' id='word_1_92' title='bbox 1033 1291 1292 1338; x_wconf 71' lang='lat' dir='ltr'><strong>spectantur,</strong></span> 
     </span>
    </p>

    <p class='ocr_par' dir='ltr' id='par_1_7' title="bbox 99 1351 1388 1608">
     <span class='ocr_line' id='line_1_17' title="bbox 155 1351 1384 1408; baseline -0.002 -15"><span class='ocrx_word' id='word_1_93' title='bbox 155 1355 379 1394; x_wconf 75' lang='lat' dir='ltr'><strong>pascentia</strong></span> <span class='ocrx_word' id='word_1_94' title='bbox 409 1364 452 1395; x_wconf 88' lang='lat' dir='ltr'><strong>et</strong></span> <span class='ocrx_word' id='word_1_95' title='bbox 479 1352 732 1408; x_wconf 84' lang='lat' dir='ltr'><strong>pabulantia.</strong></span> <span class='ocrx_word' id='word_1_96' title='bbox 760 1351 980 1392; x_wconf 72' lang='lat' dir='ltr'><strong>pascentia</strong></span> <span class='ocrx_word' id='word_1_97' title='bbox 997 1360 1105 1400; x_wconf 87' lang='lat' dir='ltr'><strong>sunt,</strong></span> <span class='ocrx_word' id='word_1_98' title='bbox 1131 1363 1239 1405; x_wconf 85' lang='lat' dir='ltr'><strong>quae</strong></span> <span class='ocrx_word' id='word_1_99' title='bbox 1262 1364 1314 1390; x_wconf 83' lang='lat' dir='ltr'><strong>ex</strong></span> <span class='ocrx_word' id='word_1_100' title='bbox 1338 1364 1384 1390; x_wconf 89' lang='lat' dir='ltr'><strong>se</strong></span> 
     </span>
     <span class='ocr_line' id='line_1_18' title="bbox 99 1418 1388 1476; baseline -0.003 -16"><span class='ocrx_word' id='word_1_101' title='bbox 99 1429 351 1476; x_wconf 68' lang='lat' dir='ltr'><strong>pascuntur,</strong></span> <span class='ocrx_word' id='word_1_102' title='bbox 401 1428 448 1460; x_wconf 86' lang='lat' dir='ltr'><strong>ut</strong></span> <span class='ocrx_word' id='word_1_103' title='bbox 477 1429 617 1474; x_wconf 88' lang='lat' dir='ltr'><strong>prata;</strong></span> <span class='ocrx_word' id='word_1_104' title='bbox 675 1427 720 1459; x_wconf 88' lang='lat' dir='ltr'><strong>et</strong></span> <span class='ocrx_word' id='word_1_105' title='bbox 768 1418 988 1459; x_wconf 76' lang='lat' dir='ltr'><strong>pascentia</strong></span> <span class='ocrx_word' id='word_1_106' title='bbox 1037 1418 1246 1471; x_wconf 87' lang='lat' dir='ltr'><strong>mancipia</strong></span> <span class='ocrx_word' id='word_1_107' title='bbox 1290 1418 1388 1471; x_wconf 84' lang='lat' dir='ltr'><strong>quia</strong></span> 
     </span>
     <span class='ocr_line' id='line_1_19' title="bbox 102 1483 1387 1543; baseline -0.005 -15"><span class='ocrx_word' id='word_1_108' title='bbox 102 1495 357 1543; x_wconf 78' lang='lat' dir='ltr'><strong>pascuntur3</strong></span> <span class='ocrx_word' id='word_1_109' title='bbox 411 1486 510 1527; x_wconf 81' lang='lat' dir='ltr'><strong>ideo</strong></span> <span class='ocrx_word' id='word_1_110' title='bbox 563 1487 687 1526; x_wconf 85' lang='lat' dir='ltr'><strong>ctiam</strong></span> <span class='ocrx_word' id='word_1_111' title='bbox 738 1488 935 1527; x_wconf 74' lang='lat' dir='ltr'><strong>pastores</strong></span> <span class='ocrx_word' id='word_1_112' title='bbox 974 1492 1192 1525; x_wconf 87' lang='lat' dir='ltr'><strong>vocantur.</strong></span> <span class='ocrx_word' id='word_1_113' title='bbox 1248 1483 1387 1523; x_wconf 81' lang='lat' dir='ltr'><strong>Pabu-</strong></span> 
     </span>
     <span class='ocr_line' id='line_1_20' title="bbox 103 1552 1140 1608; baseline -0.004 -13"><span class='ocrx_word' id='word_1_114' title='bbox 103 1555 232 1595; x_wconf 85' lang='lat' dir='ltr'><strong>lantia</strong></span> <span class='ocrx_word' id='word_1_115' title='bbox 262 1567 367 1604; x_wconf 77' lang='lat' dir='ltr'><strong>vero</strong></span> <span class='ocrx_word' id='word_1_116' title='bbox 397 1567 504 1608; x_wconf 85' lang='lat' dir='ltr'><strong>quae</strong></span> <span class='ocrx_word' id='word_1_117' title='bbox 534 1554 586 1592; x_wconf 85' lang='lat' dir='ltr'><strong>iis</strong></span> <span class='ocrx_word' id='word_1_118' title='bbox 618 1560 817 1599; x_wconf 80' lang='lat' dir='ltr'><strong>utuntur,</strong></span> <span class='ocrx_word' id='word_1_119' title='bbox 867 1561 914 1591; x_wconf 86' lang='lat' dir='ltr'><strong>ut</strong></span> <span class='ocrx_word' id='word_1_120' title='bbox 941 1552 1140 1591; x_wconf 75' lang='lat' dir='ltr'><strong>iumenta.</strong></span> 
     </span>
    </p>

    <p class='ocr_par' dir='ltr' id='par_1_8' title="bbox 104 1616 1388 1741">
     <span class='ocr_line' id='line_1_21' title="bbox 158 1616 1388 1672; baseline -0.004 -12"><span class='ocrx_word' id='word_1_121' title='bbox 158 1620 387 1664; x_wconf 83' lang='lat' dir='ltr'><strong>Volventia</strong></span> <span class='ocrx_word' id='word_1_122' title='bbox 426 1628 472 1659; x_wconf 84' lang='lat' dir='ltr'><strong>et</strong></span> <span class='ocrx_word' id='word_1_123' title='bbox 512 1618 724 1659; x_wconf 84' lang='lat' dir='ltr'><strong>volubilia.</strong></span> <span class='ocrx_word' id='word_1_124' title='bbox 783 1618 1010 1661; x_wconf 83' lang='lat' dir='ltr'><strong>Volventia</strong></span> <span class='ocrx_word' id='word_1_125' title='bbox 1053 1630 1158 1672; x_wconf 92' lang='lat' dir='ltr'><strong>quae</strong></span> <span class='ocrx_word' id='word_1_126' title='bbox 1188 1616 1388 1658; x_wconf 84' lang='lat' dir='ltr'><strong>volvunt:</strong></span> 
     </span>
     <span class='ocr_line' id='line_1_22' title="bbox 104 1684 723 1741; baseline -0.005 -13"><span class='ocrx_word' id='word_1_127' title='bbox 104 1686 317 1732; x_wconf 81' lang='lat' dir='ltr'><strong>volubilia</strong></span> <span class='ocrx_word' id='word_1_128' title='bbox 349 1699 456 1741; x_wconf 88' lang='lat' dir='ltr'><strong>quae</strong></span> <span class='ocrx_word' id='word_1_129' title='bbox 485 1684 723 1726; x_wconf 82' lang='lat' dir='ltr'><strong>volvuntur.</strong></span> 
     </span>
    </p>

    <p class='ocr_par' dir='ltr' id='par_1_9' title="bbox 107 1748 1387 1862">
     <span class='ocr_line' id='line_1_23' title="bbox 160 1748 1387 1806; baseline -0.002 -13"><span class='ocrx_word' id='word_1_130' title='bbox 160 1753 362 1793; x_wconf 89' lang='lat' dir='ltr'><strong>Animum</strong></span> <span class='ocrx_word' id='word_1_131' title='bbox 403 1761 445 1792; x_wconf 90' lang='lat' dir='ltr'><strong>et</strong></span> <span class='ocrx_word' id='word_1_132' title='bbox 484 1752 676 1792; x_wconf 90' lang='lat' dir='ltr'><strong>animam.</strong></span> <span class='ocrx_word' id='word_1_133' title='bbox 758 1750 934 1791; x_wconf 79' lang='lat' dir='ltr'><strong>Animus</strong></span> <span class='ocrx_word' id='word_1_134' title='bbox 981 1749 1157 1806; x_wconf 73' lang='lat' dir='ltr'><strong>qualitas</strong></span> <span class='ocrx_word' id='word_1_135' title='bbox 1194 1748 1387 1792; x_wconf 75' lang='lat' dir='ltr'><strong>viventis.</strong></span> 
     </span>
     <span class='ocr_line' id='line_1_24' title="bbox 107 1810 981 1862; baseline -0.003 0"><span class='ocrx_word' id='word_1_136' title='bbox 107 1821 258 1862; x_wconf 86' lang='lat' dir='ltr'><strong>Anima</strong></span> <span class='ocrx_word' id='word_1_137' title='bbox 290 1832 414 1859; x_wconf 88' lang='lat' dir='ltr'><strong>causa</strong></span> <span class='ocrx_word' id='word_1_138' title='bbox 441 1819 564 1861; x_wconf 84' lang='lat' dir='ltr'><strong>vitae.</strong></span> <span class='ocrx_word' id='word_1_139' title='bbox 977 1810 981 1812; x_wconf 43' lang='grc'><strong>’</strong></span> 
     </span>
    </p>

    <p class='ocr_par' dir='ltr' id='par_1_10' title="bbox 109 1883 1393 2074">
     <span class='ocr_line' id='line_1_25' title="bbox 163 1883 1390 1927; baseline -0.003 0"><span class='ocrx_word' id='word_1_140' title='bbox 163 1886 386 1927; x_wconf 83' lang='lat' dir='ltr'><strong>Materiam</strong></span> <span class='ocrx_word' id='word_1_141' title='bbox 417 1895 459 1926; x_wconf 83' lang='lat' dir='ltr'><strong>et</strong></span> <span class='ocrx_word' id='word_1_142' title='bbox 487 1885 721 1926; x_wconf 85' lang='lat' dir='ltr'><strong>materiem.</strong></span> <span class='ocrx_word' id='word_1_143' title='bbox 775 1883 978 1924; x_wconf 81' lang='lat' dir='ltr'><strong>Materies</strong></span> <span class='ocrx_word' id='word_1_144' title='bbox 1006 1883 1132 1924; x_wconf 89' lang='lat' dir='ltr'><strong>animi</strong></span> <span class='ocrx_word' id='word_1_145' title='bbox 1161 1892 1247 1924; x_wconf 79' lang='lat' dir='ltr'><strong>est:</strong></span> <span class='ocrx_word' id='word_1_146' title='bbox 1300 1885 1390 1923; x_wconf 87' lang='lat' dir='ltr'><strong>Ma-</strong></span> 
     </span>
     <span class='ocr_line' id='line_1_26' title="bbox 109 1950 1393 2008; baseline -0.005 -14"><span class='ocrx_word' id='word_1_147' title='bbox 109 1955 219 1994; x_wconf 86' lang='lat' dir='ltr'><strong>teria</strong></span> <span class='ocrx_word' id='word_1_148' title='bbox 246 1952 423 1996; x_wconf 79' lang='lat' dir='ltr'><strong>arboris.</strong></span> <span class='ocrx_word' id='word_1_149' title='bbox 479 1953 536 2000; x_wconf 86' lang='lat' dir='ltr'><strong>Et</strong></span> <span class='ocrx_word' id='word_1_150' title='bbox 564 1952 763 1992; x_wconf 82' lang='lat' dir='ltr'><strong>materies</strong></span> <span class='ocrx_word' id='word_1_151' title='bbox 793 1951 970 2008; x_wconf 85' lang='lat' dir='ltr'><strong>qualitas</strong></span> <span class='ocrx_word' id='word_1_152' title='bbox 996 1950 1166 2006; x_wconf 82' lang='lat' dir='ltr'><strong>ingenii.</strong></span> <span class='ocrx_word' id='word_1_153' title='bbox 1212 1950 1393 1990; x_wconf 84' lang='lat' dir='ltr'><strong>Materia</strong></span> 
     </span>
     <span class='ocr_line' id='line_1_27' title="bbox 109 2020 381 2074; baseline -0.011 -12"><span class='ocrx_word' id='word_1_154' title='bbox 109 2020 240 2062; x_wconf 79' lang='lat' dir='ltr'><strong>fabris</strong></span> <span class='ocrx_word' id='word_1_155' title='bbox 269 2029 381 2074; x_wconf 85' lang='lat' dir='ltr'><strong>apta.</strong></span> 
     </span>
    </p>

    <p class='ocr_par' dir='ltr' id='par_1_11' title="bbox 112 2084 1392 2208">
     <span class='ocr_line' id='line_1_28' title="bbox 163 2084 1392 2140; baseline -0.002 -13"><span class='ocrx_word' id='word_1_156' title='bbox 163 2086 371 2127; x_wconf 85' lang='lat' dir='ltr'><strong>Hebescit</strong></span> <span class='ocrx_word' id='word_1_157' title='bbox 409 2094 452 2126; x_wconf 89' lang='lat' dir='ltr'><strong>et</strong></span> <span class='ocrx_word' id='word_1_158' title='bbox 489 2085 740 2127; x_wconf 87' lang='lat' dir='ltr'><strong>hebetescit.</strong></span> <span class='ocrx_word' id='word_1_159' title='bbox 799 2084 1038 2135; x_wconf 81' lang='lat' dir='ltr'><strong>Hebescit‚</strong></span> <span class='ocrx_word' id='word_1_160' title='bbox 1089 2085 1204 2140; x_wconf 90' lang='lat' dir='ltr'><strong>quod</strong></span> <span class='ocrx_word' id='word_1_161' title='bbox 1239 2092 1392 2125; x_wconf 81' lang='lat' dir='ltr'><strong>natura</strong></span> 
     </span>
     <span class='ocr_line' id='line_1_29' title="bbox 112 2143 1237 2208; baseline -0.003 -12"><span class='ocrx_word' id='word_1_162' title='bbox 112 2143 384 2208; x_wconf 73' lang='lat' dir='ltr'><strong>obstupescit.</strong></span> <span class='ocrx_word' id='word_1_163' title='bbox 443 2153 719 2203; x_wconf 81' lang='lat' dir='ltr'><strong>Hebeteseit‚</strong></span> <span class='ocrx_word' id='word_1_164' title='bbox 767 2152 881 2207; x_wconf 86' lang='lat' dir='ltr'><strong>quod</strong></span> <span class='ocrx_word' id='word_1_165' title='bbox 910 2152 1059 2192; x_wconf 86' lang='lat' dir='ltr'><strong>amittit</strong></span> <span class='ocrx_word' id='word_1_166' title='bbox 1088 2151 1237 2193; x_wconf 87' lang='lat' dir='ltr'><strong>aciem.</strong></span> 
     </span>
    </p>

    <p class='ocr_par' dir='ltr' id='par_1_12' title="bbox 108 2209 1389 2343">
     <span class='ocr_line' id='line_1_30' title="bbox 165 2209 1389 2273; baseline -0.002 -12"><span class='ocrx_word' id='word_1_167' title='bbox 165 2223 232 2261; x_wconf 85' lang='lat' dir='ltr'><strong>Da</strong></span> <span class='ocrx_word' id='word_1_168' title='bbox 271 2229 316 2261; x_wconf 87' lang='lat' dir='ltr'><strong>et</strong></span> <span class='ocrx_word' id='word_1_169' title='bbox 354 2218 474 2260; x_wconf 85' lang='lat' dir='ltr'><strong>cedo.</strong></span> <span class='ocrx_word' id='word_1_170' title='bbox 545 2220 662 2261; x_wconf 85' lang='lat' dir='ltr'><strong>Cedo</strong></span> <span class='ocrx_word' id='word_1_171' title='bbox 702 2219 782 2260; x_wconf 88' lang='lat' dir='ltr'><strong>sibi</strong></span> <span class='ocrx_word' id='word_1_172' title='bbox 823 2209 960 2273; x_wconf 81' lang='lat' dir='ltr'><strong>poscit</strong></span> <span class='ocrx_word' id='word_1_173' title='bbox 1001 2228 1043 2259; x_wconf 92' lang='lat' dir='ltr'><strong>et</strong></span> <span class='ocrx_word' id='word_1_174' title='bbox 1071 2227 1133 2259; x_wconf 82' lang='lat' dir='ltr'><strong>est</strong></span> <span class='ocrx_word' id='word_1_175' title='bbox 1160 2219 1389 2264; x_wconf 70' lang='lat' dir='ltr'><strong>immobileb</strong></span> 
     </span>
     <span class='ocr_line' id='line_1_31' title="bbox 108 2284 899 2343; baseline -0.004 -14"><span class='ocrx_word' id='word_1_176' title='bbox 108 2289 218 2337; x_wconf 81' lang='lat' dir='ltr'><strong>Dat,</strong></span> <span class='ocrx_word' id='word_1_177' title='bbox 248 2287 320 2343; x_wconf 86' lang='lat' dir='ltr'><strong>qui</strong></span> <span class='ocrx_word' id='word_1_178' title='bbox 347 2300 436 2326; x_wconf 89' lang='lat' dir='ltr'><strong>non</strong></span> <span class='ocrx_word' id='word_1_179' title='bbox 462 2284 580 2327; x_wconf 88' lang='lat' dir='ltr'><strong>finite</strong></span> <span class='ocrx_word' id='word_1_180' title='bbox 610 2285 713 2327; x_wconf 82' lang='lat' dir='ltr'><strong>facit</strong></span> <span class='ocrx_word' id='word_1_181' title='bbox 743 2287 899 2326; x_wconf 85' lang='lat' dir='ltr'><strong>datum.</strong></span> 
     </span>
    </p>

    <p class='ocr_par' dir='ltr' id='par_1_13' title="bbox 169 2352 1277 2395">
     <span class='ocr_line' id='line_1_32' title="bbox 169 2352 1277 2395; baseline -0.002 -1"><span class='ocrx_word' id='word_1_182' title='bbox 169 2352 606 2395; x_wconf 84' lang='lat' dir='ltr'><strong>Fidelem-et·fidum.</strong></span> <span class='ocrx_word' id='word_1_183' title='bbox 664 2352 823 2393; x_wconf 84' lang='lat' dir='ltr'><strong>Fidelis</strong></span> <span class='ocrx_word' id='word_1_184' title='bbox 850 2352 910 2393; x_wconf 84' lang='lat' dir='ltr'><strong>fit.</strong></span> <span class='ocrx_word' id='word_1_185' title='bbox 969 2352 1101 2392; x_wconf 83' lang='lat' dir='ltr'><strong>Fidus</strong></span> <span class='ocrx_word' id='word_1_186' title='bbox 1132 2361 1277 2392; x_wconf 83' lang='lat' dir='ltr'><strong>exstat.</strong></span> 
     </span>
    </p>

    <p class='ocr_par' dir='ltr' id='par_1_14' title="bbox 62 2416 1393 2549">
     <span class='ocr_line' id='line_1_33' title="bbox 170 2416 1393 2463; baseline -0.004 -3"><span class='ocrx_word' id='word_1_187' title='bbox 170 2419 359 2463; x_wconf 81' lang='lat' dir='ltr'><strong>Laudem</strong></span> <span class='ocrx_word' id='word_1_188' title='bbox 398 2427 442 2459; x_wconf 85' lang='lat' dir='ltr'><strong>et</strong></span> <span class='ocrx_word' id='word_1_189' title='bbox 477 2419 748 2461; x_wconf 83' lang='lat' dir='ltr'><strong>laudabilem.</strong></span> <span class='ocrx_word' id='word_1_190' title='bbox 806 2422 914 2460; x_wconf 82' lang='lat' dir='ltr'><strong>Laus</strong></span> <span class='ocrx_word' id='word_1_191' title='bbox 944 2417 1042 2459; x_wconf 81' lang='lat' dir='ltr'><strong>facti</strong></span> <span class='ocrx_word' id='word_1_192' title='bbox 1072 2416 1393 2458; x_wconf 76' lang='lat' dir='ltr'><strong>instrumentum</strong></span> 
     </span>
     <span class='ocr_line' id='line_1_34' title="bbox 62 2483 1303 2549; baseline -0.005 -21"><span class='ocrx_word' id='word_1_193' title='bbox 62 2541 66 2549; x_wconf 91' lang='lat'>.</span> <span class='ocrx_word' id='word_1_194' title='bbox 121 2495 198 2528; x_wconf 77' lang='lat' dir='ltr'><strong>est.</strong></span> <span class='ocrx_word' id='word_1_195' title='bbox 257 2483 463 2526; x_wconf 79' lang='lat' dir='ltr'><strong>Laudatio</strong></span> <span class='ocrx_word' id='word_1_196' title='bbox 490 2498 597 2527; x_wconf 77' lang='lat' dir='ltr'><strong>vero</strong></span> <span class='ocrx_word' id='word_1_197' title='bbox 627 2495 692 2528; x_wconf 75' lang='lat' dir='ltr'><strong>est</strong></span> <span class='ocrx_word' id='word_1_198' title='bbox 722 2499 864 2542; x_wconf 65' lang='lat' dir='ltr'><strong>rerum</strong></span> <span class='ocrx_word' id='word_1_199' title='bbox 896 2493 1108 2540; x_wconf 81' lang='lat' dir='ltr'><strong>gestarum</strong></span> <span class='ocrx_word' id='word_1_200' title='bbox 1137 2483 1303 2523; x_wconf 83' lang='lat' dir='ltr'><strong>relatio.</strong></span> 
     </span>
    </p>
   </div>
   <div class='ocr_carea' id='block_1_3' title="bbox 872 2561 922 2602">
    <p class='ocr_par' dir='ltr' id='par_1_15' title="bbox 872 2561 922 2602">
     <span class='ocr_line' id='line_1_35' title="bbox 872 2561 922 2602; baseline -0.08 0"><span class='ocrx_word' id='word_1_201' title='bbox 872 2561 922 2602; x_wconf 79' lang='lat'><strong>31</strong></span> 
     </span>
    </p>
   </div>
  </div>
 </body>
</html>
