1664 3074
383 404 479 480 -Μ-
553 405 1118 480 FRONTONIS

510 531 514 534 ‘
558 587 851 632 ARION
891 593 949 635 (ι)

115 677 379 799 AntoN
455 733 721 803 Lesbius,
798 738 1041 811 proinde
1119 733 1272 810 quod
1337 746 1397 791 (2)

118 842 463 912 Graecorum
488 839 764 892 memoria
781 853 865 917 eet
878 882 890 904 ,
913 837 1128 892 cithara
1142 852 1199 892 et
1209 835 1393 910 dithy-

115 921 312 997 rambo
333 943 546 1016 primus
561 984 574 1006 ,
592 941 871 996 Corintho
886 986 899 1006 ‚
932 942 1034 996 ubi
1054 941 1393 1014 frequenso)

111 1047 424 1114 incolebat,
445 1047 759 1101 secundum
778 1060 1075 1120 quaestum
1085 1045 1393 1120 profectae,

114 1151 332 1222 magnis
375 1149 582 1204 divitiis
626 1169 733 1224 per
767 1169 926 1205 oram
965 1151 1188 1205 Siciliae
1221 1158 1392 1222 atque

115 1254 308 1309 Italiae
349 1255 585 1327 paratiS,
640 1253 982 1335 Corinthum
1021 1255 1275 1308 Tarento
1309 1272 1394 1306 re-

73 1385 75 1387 ·
113 1356 264 1432 gredi
299 1356 553 1432 parabat.
613 1356 806 1412 Socios
828 1358 1040 1424 navalis
1067 1353 1393 1411 Corinthios

113 1462 473 1535 potissimum
519 1460 752 1532 delegit,
810 1480 1005 1514 eorum
1031 1480 1256 1514 navem
1301 1479 1395 1513 au·

117 1563 309 1618 dacter
335 1583 398 1616 re
431 1561 583 1616 bona
615 1564 864 1618 maxime
888 1549 1101 1618 onerat.
1153 1563 1311 1618 Nave
1330 1565 1392 1618 in

118 1667 296 1720 altum
356 1660 658 1738 provecta*
687 1667 955 1738 cognovit
1015 1667 1222 1731 socios,
1293 1667 1394 1740 qui

118 1769 416 1833 veherent,
480 1766 714 1842 cupidos
776 1768 994 1842 potiri,³
1039 1790 1237 1824 necem
1287 1770 1393 1824 sibi

174 1961 240 2016 (ι)
274 1959 452 2001 Arionis
488 1957 675 2000 fabulam
708 1963 883 2001 narrant
923 1960 1179 2003 Herodotus
1221 1962 1266 2003 in
1298 1963 1393 2006 clio

118 2036 199 2078 23-
217 2039 283 2082 24.
326 2033 521 2087 Hyginus
542 2031 648 2074 Fal).
673 2039 765 2088 194.
790 2034 961 2074 Gellius
984 2048 1070 2078 xvi.
1098 2048 1160 2089 η),
1185 2035 1390 2076 Libanius

117 2107 163 2146 in
199 2105 430 2159 Excerptis
467 2105 595 2147 variis
632 2106 683 2145 ab
714 2106 872 2146 Allatio
901 2107 1065 2147 Romae
1095 2107 1220 2148 editis
1249 2123 1291 2163 p.
1323 2123 1390 2162 7⁰·

118 2178 294 2219 Servius
330 2177 383 2218 ad
419 2178 541 2232 Virg.
570 2179 667 2222 Ecl.
698 2193 792 2222 vm.
822 2179 889 2220 56.
920 2178 1114 2220 Addatur
1142 2180 1225 2220 iam
1253 2182 1391 2222 Fron-

120 2259 195 2301 to,
229 2250 303 2304 qui
331 2248 602 2290 Herodotum
630 2249 726 2291 fere
757 2251 969 2305 sequitur,
1028 2252 1109 2293 Est
1138 2261 1278 2294 autem
1306 2253 1390 2295 hoe

124 2323 248 2377 Opus
286 2327 461 2364 omnino
501 2322 751 2363 distinctum
795 2338 817 2363 a
851 2311 1009 2364 ceterie
1059 2326 1385 2366 Frontonianis:

122 2409 219 2434 nam
245 2394 394 2435 titulus
426 2396 495 2434 ·M·
526 2395 870 2436 FRONTOMS
891 2396 1076 2439 ARION
1099 2398 1298 2451 spatiosis
1324 2399 1388 2438 lit-

123 2468 229 2509 teris
269 2466 473 2507 scribitur
509 2477 599 2507 tum
627 2468 673 2506 in
702 2467 844 2510 fronte
874 2477 964 2509 tum
993 2470 1037 2508 in
1067 2471 1183 2511 calce
1216 2470 1389 2525 Operis,

179 2540 240 2593 (2)
271 2541 383 2580 Nota
410 2541 705 2596 loquutionem
735 2544 920 2596 proinde
947 2545 1075 2598 quod.

176 2612 239 2666 (3)
270 2611 374 2654 Cod.
404 2627 486 2668 pro
502 2613 720 2671 frequens
742 2612 880 2656 'habet
909 2629 1095 2672 sequens.
