1708 3028
343 216 422 258 312
571 211 848 253 EPISTULA
874 212 991 255 PRO
1019 212 1352 254 BABURIANA.

653 335 839 397 Amilo
887 337 1196 397 ΑΝΤοΝιΝο
1245 359 1302 402 (ι)

432 463 820 578 GRATULOR
853 522 1016 586 mihi,
1062 524 1358 596 plerosque
1383 561 1395 575 .
1421 560 1437 575 0
1459 561 1472 575 .
1499 561 1513 575 .
1536 522 1601 577 in

357 610 464 667 Ῐιαε
504 613 762 686 opinione
802 633 942 676 esse,
1004 633 1094 668 me
1135 633 1166 665 a
1202 626 1260 666 te
1298 629 1416 665 non
1452 629 1604 665 secus

357 721 524 774 quam
554 719 844 775 parentem
879 703 1172 757 observari.
1224 705 1306 756 Eo
1340 699 1406 754 fit
1439 713 1502 754 ut
1533 699 1604 754 ad

354 811 444 845 me
488 793 787 847 decurrant
832 795 1093 866 plurimi,
1162 795 1258 864 qui
1296 806 1452 846 tuam
1491 810 1606 862 gra-

355 883 491 933 tiam
515 885 765 953 cupiunt.
810 883 965 956 Quos
989 902 1086 955 ego
1102 901 1221 936 non
1241 895 1465 946 temere,
1501 899 1606 933 nec

357 974 476 1024 sine
509 970 712 1024 dilectu
739 971 930 1039 audi03
971 972 1062 1025 sed
1086 973 1261 1045 probe
1281 970 1604 1044 petentibus

359 1059 685 1130 suffragium
713 1081 901 1114 meum
929 1063 1200 1132 impertio·
1250 1062 1321 1115 Iis
1350 1079 1484 1136 vero
1510 1061 1607 1131 qui

358 1150 618 1219 (ut)-rum
662 1150 842 1223 probe
889 1151 1022 1222 quid
1069 1171 1101 1204 a
1145 1166 1203 1204 te
1247 1153 1608 1223 impetratum

356 1240 534 1292 velint
563 1281 576 1292 .
611 1281 624 1293 .
658 1281 670 1293 .
707 1259 850 1311 nego
897 1255 959 1293 ut
996 1261 1027 1293 a
1060 1260 1148 1292 me
1180 1243 1368 1313 potius
1392 1282 1403 1293 .
1429 1280 1478 1321 3⁷.
1504 1257 1608 1291 nec

357 1330 471 1384 ulla
491 1349 579 1382 me
599 1332 788 1403 potius
812 1371 824 1383 .
853 1370 865 1383 .
891 1371 902 1383 .
926 1329 1242 1383 Baburiana
1262 1342 1318 1387 (2)
1342 1371 1354 1383 .
1456 1347 1609 1382 caros

358 1570 365 1588 ”
415 1566 486 1619 (ι)
513 1567 647 1607 Huius
686 1567 902 1621 Epistulae
940 1566 1255 1621 inscriptionem
1279 1575 1327 1606 'et
1362 1565 1523 1606 initium
1549 1564 1610 1607 vi-

359 1629 505 1671 aeram
543 1633 586 1672 in
624 1633 767 1672 Indice
806 1632 1086 1686 Epistularum
1126 1633 1244 1672 Libri
1271 1634 1316 1672 11.
1354 1631 1406 1671 ad
1443 1631 1613 1672 Amicos

357 1709 470 1737 nono
506 1698 614 1739 loco.
673 1698 756 1737 Sed
785 1700 874 1751 ipsa
900 1698 1089 1751 Epistula
1116 1710 1315 1752 nusquam
1340 1697 1440 1737 mihi
1468 1710 1614 1738 occur-

358 1771 501 1803 rerat:
551 1776 679 1818 quare
721 1772 762 1803 et
802 1763 861 1802 ibi
892 1776 982 1802 eam
1011 1762 1150 1805 notavi
1178 1763 1378 1803 asterisco
1405 1770 1613 1819 tamquam

357 1826 633 1881 deperditam.
699 1827 762 1867 Ea
806 1828 925 1868 Libri
972 1839 1091 1882 parte
1135 1828 1214 1869 iam
1251 1826 1476 1882 impressa,
1525 1828 1613 1870 vidi

360 1891 541 1948 denique
577 1894 620 1933 in
658 1893 813 1933 duabus
850 1893 1009 1947 paginis
1047 1894 1216 1934 foedum
1253 1891 1296 1933 in
1335 1893 1502 1934 modum
1541 1893 1614 1934 de-

358 1957 453 1997 letis
481 1959 657 2012 vestigia
689 1959 845 2013 aliquot
871 1959 992 1999 huius
1019 1973 1154 2000 nonae
1179 1959 1394 2013 Epistulae
1420 1958 1538 2002 Libri
1560 1960 1609 1999 11.

360 2022 412 2062 ad
439 2024 619 2066 Amicos.
675 2026 796 2064 Patet
823 2034 983 2074 autem,
1036 2026 1291 2064 Frontonem
1320 2022 1613 2064 commendare

359 2089 486 2128 'Arrio
513 2090 719 2130 Antonino
749 2089 1005 2129 desiderium
1034 2089 1246 2129 cuiusdam
1257 2089 1520 2129 Baburianae
1539 2101 1613 2128 seu

360 2154 647 2202 Babureanae,
675 2169 767 2194 narn
788 2163 966 2212 utroque
989 2155 1111 2194 modo
1132 2155 1330 2195 scribitur
1347 2155 1426 2194 hoc
1445 2167 1611 2194 nomen.

414 2219 477 2271 (2)
505 2220 720 2277 Quaenam
746 2219 872 2259 suerit
899 2220 1003 2259 haec
1032 2220 1287 2270 Baburiana,
1316 2221 1478 2274 ignoro.
1527 2218 1614 2260 Sed

360 2284 551 2339 quoniam
591 2285 737 2324 Arrius
776 2286 1004 2324 Antoninus
1040 2285 1347 2339 praefecturam
1398 2285 1524 2338 gessit
1570 2285 1614 2324 in

363 2351 538 2403 regione
575 2349 735 2389 decima
774 2351 915 2390 Italiac
956 2352 1034 2403 (V.
1079 2351 1270 2405 superius
1297 2365 1340 2404 p.
1372 2352 1495 2404 295.)
1535 2350 1613 2404 hoc

362 2416 498 2455 obiter
543 2415 751 2465 monebo,
813 2426 976 2455 exstare
1027 2419 1229 2468 Tergeste
1281 2416 1389 2469 apud
1438 2418 1613 2454 Puteum

360 2481 487 2520 Maris
500 2480 810 2534 inscriptionem
823 2481 1107 2526 BABURIAE
1129 2482 1383 2522 PLOTIAE.
1399 2479 1506 2524 Vide
1519 2493 1613 2522 nov.
