1664 3074
327 248 1238 322 ntsrn'rarmomffis‚GRItMMATche
1337 265 1420 315 45³

144 399 387 444 mutinensi-3
444 402 486 433 et
515 386 683 446 igneum
712 391 872 446 aliquid
903 391 1030 442 dicit,
1084 399 1128 431 et
1157 390 1422 438 flammeum,

84 492 89 498 ..
141 466 187 498 et
214 457 516 514 sanguineum,
562 467 607 498 et
637 472 864 510 croceum,
916 466 959 498 et
986 458 1221 506 osu-inum,
1275 465 1320 496 et
1347 471 1420 496 an-

136 527 278 567 reumss>
330 528 496 567 Russus
526 526 639 566 enim
668 526 808 581 (agor,
850 534 893 566 et
922 523 1055 564 ruber
1083 523 1188 563 nihil
1218 538 1240 563 a
1270 523 1421 564 colore

136 589 220 632 rufi
263 583 498 643 differunt,
557 592 718 648 neque
739 592 1023 647 proprietates
1053 591 1144 631 eius
1175 604 1320 631 omnes
1349 590 1423 630 de·

137 659 316 710 claram,
350 659 507 714 ξανθὸς
536 669 678 700 autem
703 669 746 699 et
775 657 947 713 ἐρυθρὸς,
981 668 1022 699 et
1049 656 1194 716 πυῤῥὸς,
1225 666 1269 698 et
1289 657 1422 711 Φοῖνιξ

136 719 301 767 Habere
353 725 553 782 quasdam
611 726 826 766 distantias
877 725 1035 766 coloris
1088 723 1173 766 rufi
1223 723 1423 766 videntur

140 793 213 834 vel
242 802 447 847 augentes
478 807 600 846 eum,
635 794 707 834 vel
734 793 1023 844 remittentes,
1064 793 1135 833 vel
1163 792 1295 832 mixta
1324 805 1424 846 qua·
1465 834 1467 839 ¹

138 858 236 899 dam
263 855 414 914 specie
457 869 782 914 temperantes:
834 862 941 900 Tum
979 862 1140 901 Fronto
1169 859 1222 899 ad
1250 860 1424 900 Favori-

132 924 264 978 num3
313 928 407 967 Non
458 926 648 976 inficias,
709 928 870 982 inquit,
934 929 1071 977 imus,
1129 927 1232 982 quin
1255 926 1423 980 'lingua

136 1005 310 1047 graeca,
359 1007 484 1049 quam
523 1002 572 1034 tu
610 994 759 1035 videre
795 995 975 1048 legisse,
1018 994 1230 1048 prolixior
1269 993 1422 1033 fusior-

137 1074 224 1114 que
268 1062 344 1110 sit,
388 1075 511 1115 quam
540 1070 708 1102 nostra:
751 1061 827 1102 sed
851 1061 896 1100 in
923 1062 976 1101 iis
1006 1069 1148 1102 tamen
1178 1061 1419 1111 color-ibus,

139 1125 293 1177 quibus
333 1127 461 1167 modo
502 1127 668 1179 dixisti,
713 1128 1060 1178 denominandis,
1104 1142 1189 1168 non
1240 1128 1422 1182 proinde

141 1190 295 1247 inopes
322 1201 484 1244 sumus,
514 1204 559 1234 ut
591 1195 667 1235 tibi
687 1196 896 1237 videmur.
927 1198 1023 1236 Non
1055 1195 1166 1235 enim
1194 1195 1303 1237 haec
1330 1203 1424 1234 suut

137 1259 228 1299 sola
267 1261 474 1302 vocabula
513 1261 656 1301 rufum
686 1263 876 1303 colorem
906 1262 1263 1315 demonstrantia,
1314 1274 1425 1316 quae

135 1332 185 1365 tu
213 1326 339 1368 modo
367 1328 541 1380 dixisti,
580 1345 723 1371 russus
753 1338 798 1370 et
827 1331 986 1380 ruber-3
1036 1328 1113 1368 sed
1140 1328 1219 1367 alia
1250 1340 1422 1383 quoque

133 1391 338 1434 habemus
366 1395 516 1448 plura,
570 1410 693 1450 quam
722 1409 830 1451 quae
858 1395 1064 1450 producta
1091 1395 1165 1435 abs
1195 1404 1238 1435 te
1268 1407 1422 1448 graeca

136 1468 244 1500 sunt.
318 1461 481 1503 Fulvus
532 1463 669 1514 enim,
722 1472 767 1504 et
804 1463 967 1513 ssavus,
1034 1471 1079 1503 et
1114 1461 1318 1516 rubidus,
1381 1470 1425 1503 et

133 1525 424 1581 phoeniceus,
471 1537 516 1570 et
542 1531 718 1580 rutilus,
770 1539 813 1571 et
845 1531 1011 1581 luteus,
1050 1539 1092 1570 et
1132 1528 1306 1583 spadix,
1350 1543 1424 1584 ap-

133 1594 392 1647 pellationes
433 1605 529 1635 sunt
567 1598 650 1637 rufi
693 1597 874 1647 coloris,
934 1595 1016 1636 aut'
1045 1605 1244 1637 acuentes
1298 1609 1422 1650 eum,

137 1660 259 1714 quasi
297 1660 600 1711 incendentes:
644 1673 713 1704 aut
753 1677 850 1704 cum
890 1665 1039 1704 colore
1077 1663 1206 1705 viridi
1244 1663 1424 1703 miscen-

135 1735 222 1775 tes,
267 1728 485 1781 aut‘nigro
514 1729 795 1780 infuscantes,
842 1739 914 1771 aut
953 1731 1110 1771 virenti
1139 1730 1298 1771 sensim
1324 1730 1423 1771 albo

135 1792 436 1836 illuminantes.
476 1797 582 1835 Nam
610 1798 893 1852 phoeniceus,
922 1812 1050 1853 quem
1078 1807 1125 1838 tu
1151 1811 1308 1853 graece
1327 1802 1422 1853 Φοι-

138 1859 261 1902 νικοῧν
288 1859 443 1910 dixisti,
471 1871 616 1903 noster
644 1874 729 1913 est,
760 1874 803 1905 et
833 1865 1003 1914 rutilus,
1034 1873 1079 1905 et
1110 1866 1259 1919 spadix
1286 1865 1422 1919 phoe-

138 1924 254 1965 nicei
282 1922 513 1979 σννώνυμος,
549 1931 623 1983 qui
650 1930 784 1971 factus
813 1945 968 1985 graece
988 1941 1132 1972 noster
1150 1940 1229 1981 est,
1263 1932 1423 1973 exube-

134 1986 340 2046 rantiam,
387 1994 746 2052 splendoremque
783 1998 994 2052 significat
1033 1999 1226 2050 ruboris3
1275 2000 1421 2054 quales

134 2066 233 2098 sunt
269 2056 436 2100 fructus
470 2063 634 2116 palmae
682 2065 877 2115 arboris,
932 2079 1014 2106 non
1056 2065 1281 2106 admodum
1325 2066 1418 2107 sole

134 2123 303 2175 incocti,
332 2126 444 2167 unde
474 2129 653 2182 spadieis
682 2141 725 2171 et
752 2131 980 2186 phoenicei
1007 2147 1162 2174 nomen
1191 2142 1271 2176 est.
1313 2135 1418 2188 Spa-

133 2189 236 2261 dice
258 2194 368 2233 enim
397 2195 547 2235 Dorici
577 2206 731 2238 vocant
757 2201 950 2240 avulsum
981 2214 1004 2240 e
1034 2201 1172 2255 palma
1196 2201 1415 2262 termitem

135 2269 230 2300 oum
265 2257 420 2300 fructu.
476 2263 650 2317 fulvus
678 2274 818 2306 autem
860 2268 1032 2308 videtur
1074 2268 1129 2308 de
1158 2267 1258 2309 rufo
1287 2277 1415 2324 atque

135 2323 265 2364 viridi
288 2326 461 2378 mixtus,
501 2329 546 2369 in
572 2330 664 2370 aliis
692 2333 788 2386 plus
815 2334 986 2385 viiidis,
1014 2336 1058 2374 in
1086 2336 1178 2376 aliis
1204 2335 1302 2390 plus
1328 2333 1414 2375 rufi

136 2391 319 2436 habere.
371 2396 478 2435 sicut
521 2407 648 2450 poeta
706 2401 937 2441 verborum
983 2401 1330 2456 diligentissimus
1362 2402 1414 2452 *,

638 2472 729 2476 κ-
736 2472 772 2476 >—
778 2467 1421 2481 -m—d——fi—-n—

182 2487 202 2503 ¹
224 2490 394 2533 Virgilius.
418 2493 462 2523 Et
476 2501 554 2526 nota
566 2495 636 2526 iudi
642 2497 730 2526 cium
747 2497 788 2527 de
804 2507 842 2527 co
864 2498 1053 2535 Frontonis
1080 2501 1137 2541 qui
1162 2511 1239 2531 cum
1263 2500 1336 2530 aliis
1362 2500 1417 2529 tri-

138 2546 200 2577 bus
224 2549 445 2589 Scriptoribus
470 2558 503 2581 et
525 2551 615 2583 hunc
640 2553 784 2596 delegit
823 2565 860 2585 ex
894 2567 959 2597 quo
995 2557 1088 2600 Opus
1114 2568 1212 2589 suum
1235 2558 1416 2589 instrueret

139 2601 320 2649 Exempla
346 2605 591 2644 elocutionum.
