1664 3074
533 252 979 317 -rcliAMMATchm
1325 270 1410 323 4⁵7

88 395 265 450 >,gratia
309 394 565 450 pergebam,
632 394 977 448 sermonibusque
1033 391 1148 432 eius·
1175 392 1409 447 purissimis

130 455 421 517 limat-umque
450 461 740 502 doctrinarum
773 460 910 515 plenis
953 458 1142 499 fruebar.
1201 461 1292 499 Nec
1321 473 1409 498 um·

130 541 257 583 quam
298 527 451 569 factum
493 537 582 578 est,
624 529 821 584 quotiens
851 541 946 568 eum
976 527 1184 576 vidimus,
1236 527 1413 580 loquen-

128 604 302 651 temque
341 596 596 644 audivimus,
648 596 747 651 quin
786 593 1025 634 rediremus
1067 591 1161 633 fere
1209 593 1413 633 cultiores

129 661 454 718 doctioresque,
482 662 639 705 -veluti
678 662 757 703 fuit
782 661 872 701 ·i11a
912 660 1093 716 quodam
1140 660 1211 700 die
1251 674 1414 700 sermo-

130 729 284 770 cinatio
323 730 436 770 illius
450 702 601 779 ‚‘levi
641 729 810 784 quidem
851 729 904 768 tle
945 742 1016 778 re,
1068 727 1144 769 sed
1188 743 1212 768 a
1259 728 1414 768 latinae

129 805 270 837 tamen
311 797 480 851 linguae
522 797 661 836 studio
700 810 787 836 non
828 796 1077 846 abhorrens.
1146 797 1255 835 Nam
1286 809 1414 850 quum

131 860 336 918 quispiam
374 862 592 904 familiaris
633 863 724 903 eius
763 863 874 904 bene
905 863 1096 903 eruditus
1119 862 1273 911 homo,
1323 870 1415 901 tum

127 939 257 984 poeta
294 930 498 978 illustris,
547 931 773 971 liberatum
815 945 861 970 se
902 944 997 971 esse
1027 944 1160 984 aquae
1189 929 1415 970 intercutis

127 997 281 1037 morbo
325 998 507 1047 diceret,
537 997 649 1052 quod
677 997 850 1038 harenis
879 997 1115 1039 calentibus
1147 1006 1261 1037 esset
1291 1010 1413 1036 usus:

129 1069 219 1104 tum
254 1063 457 1111 illudens<
478 1066 660 1114 Fronto,
712 1065 864 1106 Morbo
905 1066 1096 1121 quidem,
1142 1065 1303 1120 inquit,
1348 1077 1414 1104 ea-

129 1143 231 1183 reu,
262 1130 340 1171 ned
367 1132 489 1187 vefbi
517 1131 620 1172 vitio
650 1145 734 1172 non
764 1146 896 1173 cares.
957 1132 1081 1172 Caius
1111 1132 1224 1171 enim
1253 1132 1414 1172 Caesar

129 1197 207 1238 ille
246 1207 485 1253 perpetuus
530 1198 710 1240 dictator
741 1201 817 1243 Cn.
847 1199 1043 1253 Pompeii
1071 1212 1219 1251 socer,
1276 1211 1300 1237 a
1331 1210 1415 1253 quo

129 1262 289 1306 familia
330 1275 375 1306 et
414 1267 642 1320 appellatio
683 1267 911 1307 Caesarum
951 1266 1158 1320 deinceps
1182 1273 1415 1319 propagata

132 1341 214 1382 est,
243 1332 310 1374 vir
338 1333 498 1386 ingenii
529 1333 839 1387 praecellentis,
870 1333 1078 1373 sermonis
1105 1341 1281 1386 praeter
1310 1331 1415 1370 alios

129 1411 230 1439 suae
270 1400 416 1439 aetatis
458 1399 704 1449 castissimi,
757 1400 800 1438 in
844 1399 967 1440 libris
1009 1413 1114 1455 quos
1155 1398 1207 1438 ad
1249 1399 1305 1439 M.
1351 1398 1418 1439 Ci-

129 1477 335 1507 ceronem
369 1464 423 1506 de
466 1465 669 1519 Analogia
709 1466 987 1533 conseripsit,
1035 1468 1222 1508 harenas
1261 1466 1418 1507 vitiose

128 1531 214 1572 dici
251 1531 535 1585 existimabat,
579 1532 694 1588 quod
732 1533 896 1575 harena
932 1546 1156 1588 numquam
1186 1531 1416 1572 multitudi-

129 1599 198 1640 nis
238 1613 416 1652 numero
458 1599 710 1653 appellanda
748 1600 827 1651 sit,
881 1600 1008 1641 sicuti
1050 1613 1194 1655 neque
1224 1601 1412 1650 caelum,

131 1679 275 1720 neque
303 1669 511 1709 criticum.
572 1667 731 1706 Contra
762 1674 904 1707 autem
931 1669 1198 1724 quadrigas,
1247 1667 1414 1707 etiamsi

132 1746 286 1772 currus
330 1747 434 1773 unus
483 1747 688 1789 equorum
740 1743 920 1788 quatuor
969 1735 1214 1774 iunctorum
1263 1747 1415 1787 agmen

133 1812 264 1840 unum
307 1801 379 1850 sit,
430 1800 643 1855 plurativo
681 1814 852 1856 semper
893 1815 1074 1857 numero
1104 1800 1305 1842 dicendas
1337 1814 1415 1855 pu-

134 1875 219 1917 tat,
263 1867 371 1908 sicut
399 1884 542 1918 arma,
586 1876 631 1908 et
659 1873 852 1918 moenia,
899 1878 944 1910 et
971 1873 1172 1919 comicia,
1202 1876 1246 1909 e't
1273 1871 1414 1911 inimi-

137 1937 291 1975 cicius:
329 1935 374 1974 ni
402 1935 503 1990 quid
533 1945 682 1976 contra
712 1951 761 1976 ea
790 1936 922 1990 dicis,
966 1947 1188 1991 poetarum
1218 1935 1419 1989 pulcher-

138 2001 272 2052 timp,
322 2015 417 2057 quo
452 2005 495 2044 et
533 2012 576 2043 te
615 2017 790 2058 purges,
848 2013 892 2044 et
930 2019 1014 2045 non
1055 2018 1146 2045 esse
1186 2003 1230 2044 id
1271 2003 1419 2044 vitium

137 2067 421 2109 demonstres.
479 2071 546 2110 De
576 2073 718 2123 caelo,
765 2072 902 2126 inquit
932 2071 1029 2120 ille,
1079 2080 1124 2111 et
1152 2075 1302 2112 critico
1332 2082 1419 2109 non

137 2134 298 2176 inficias
339 2149 420 2189 eo,
469 2137 570 2192 quin
608 2138 771 2190 singulo
808 2152 981 2192 semper
1019 2152 1198 2178 numero
1235 2136 1416 2178 dicenda

137 2204 243 2253 sint,
288 2217 430 2258 neque
480 2203 534 2244 de
574 2209 733 2250 armis,
785 2214 827 2246 et
865 2209 1070 2256 moeniis,
1121 2215 1163 2246 ct
1205 2208 1418 2253 comitiis,

136 2269 239 2325 quin
278 2269 414 2324 figura
453 2271 732 2314 multitudinis
772 2281 978 2327 perpetua
1019 2281 1297 2323 censeantur3
1362 2272 1418 2311 vi-

139 2335 331 2377 debimus
359 2346 496 2377 autem
526 2347 622 2391 post
653 2339 707 2384 de
735 2343 976 2382 inimiciciis
1009 2348 1053 2380 et
1079 2342 1325 2396 quadrigis.
1358 2340 1418 2378 Ac

139 2401 373 2444 fortassean
401 2403 455 2444 de
485 2408 712 2461 quadrigis
744 2415 942 2447 veterum
974 2406 1215 2447 auctoritati
1245 2418 1415 2445 conces-

142 2482 262 2518 sero,
301 2473 570 2512 inimiciciam
596 2481 759 2523 tamen,
799 2474 908 2514 sicut
936 2478 1174 2521 ime-itiam,
1212 2481 1256 2512 et
1284 2475 1417 2527 impo-

140 2539 342 2588 tentiam,
389 2546 432 2579 et
473 2542 699 2591 inim-iam,
750 2554 857 2596 quae
896 2541 1005 2583 ratio
1046 2548 1114 2581 est
1141 2539 1413 2595 quamobrem
