1702 3060
392 227 473 268 366
820 230 1038 272 LAUDES
1066 233 1201 271 FUMI

396 347 554 401 dulce
585 350 721 403 illud
752 353 1143 424 incorruptum
1185 356 1254 409 sit
1287 366 1349 409 ets
1378 355 1646 427 pudicum

395 439 772 493 Tusculanum
794 452 848 493 et
867 442 1119 504 Ionicum
1133 483 1146 504 ‚
1170 441 1227 493 id
1251 454 1333 497 est
1346 441 1573 499 Catonis
1586 458 1645 504 (ι)

394 541 447 581 et
474 530 743 584 Herodoti
769 572 780 584 .
809 572 820 584 .
849 572 860 583 .
888 573 898 583 .
923 533 987 583 In
1024 533 1180 593 omni
1215 551 1276 585 re
1315 531 1524 588 facilius
1564 548 1646 588 est

393 623 667 674 rationem
690 621 919 675 docendi
944 641 1129 685 nosse,
1163 642 1330 694 quam
1349 625 1463 696 vim
1486 641 1645 695 agen-

393 709 446 762 di
478 711 731 765 obtinere
756 754 768 764 .
794 753 806 764 .
828 753 839 764 .
868 754 879 764 .
909 723 992 765 est
1021 714 1228 766 multus
1244 754 1255 765 .
1274 753 1312 765 ..
1328 715 1433 766 ‚sic
1452 726 1534 767 est
1552 716 1648 784 qui

491 841 502 852 .
541 802 702 854 sicuti
748 801 891 855 bene
935 803 1073 855 velle
1115 823 1177 855 ac
1220 802 1366 859 bene
1401 805 1678 875 precari,-

395 909 537 960 quae
556 911 642 943 res
658 910 792 943 voce
806 893 1101 962 animoque
1115 892 1232 944 sine
1245 891 1448 963 opibus
1460 904 1516 949 (2)
1527 911 1648 964 per-

391 984 696 1051 petrantur.
738 983 910 1050 Igitur
947 995 1012 1033 ut
1034 983 1265 1052 quisque
1296 1001 1351 1034 se
1378 982 1648 1053 benignis·

393 1072 594 1122 simum
630 1070 962 1141 praestabit,
1028 1073 1106 1122 ita
1145 1073 1189 1124 is
1218 1057 1495 1143 ²plurimos
1535 1073 1649 1124 lau·
1683 1052 1687 1064 Ι

393 1159 563 1213 dabit.
605 1161 724 1213 Nec
761 1173 985 1215 tantum
1018 1178 1108 1214 eos
1145 1179 1287 1232 quos
1316 1162 1407 1213 alii
1427 1179 1649 1232 quoque

390 1249 648 1302 laudibus
683 1261 814 1302 ante
849 1249 1256 1314 decoraverint,
1308 1269 1503 1303 verum
1527 1270 1650 1303 con-

363 1404 367 1408 *
393 1342 577 1411 quiret
622 1341 776 1393 Deos
829 1353 885 1392 et
940 1339 1191 1393 homines
1250 1360 1282 1392 a
1337 1353 1646 1393 ceterorum

391 1428 647 1482 laudibus
676 1429 1072 1491 relictissimos‚
1113 1429 1303 1499 ibique
1323 1431 1540 1499 signum
1558 1430 1647 1481 be,

392 1520 677 1590 nignitatis
707 1533 1016 1590 expromet.
1076 1521 1158 1573 Ut
1189 1521 1425 1589 agricola
1457 1538 1648 1590 agrum

391 1612 668 1662 intactum
700 1610 744 1661 si
772 1621 1047 1671 conserat,
1095 1608 1400 1662 laboriosus
1425 1621 1532 1663 est:
1571 1627 1647 1661 sa-

395 1697 584 1751 cerdos
620 1700 663 1750 si
694 1698 844 1769 apud
867 1697 1059 1750 fanum
1083 1697 1362 1751 desertum
1384 1710 1439 1751 et
1462 1699 1647 1750 avium

394 1785 686 1850 sacrificet,
744 1788 1029 1858 religiosus
1071 1799 1166 1840 est.

869 1976 970 1986 ...-

450 2094 517 2144 (1)
551 2091 719 2131 Catonis
771 2100 907 2130 tamen
952 2091 1227 2144 eloquentiam
1278 2091 1444 2130 vellicat
1486 2093 1647 2131 Fronto

394 2160 438 2198 in
468 2159 631 2210 Fragm.
660 2158 689 2197 Ι.
719 2157 809 2198 Lib.
841 2159 887 2196 11.
920 2159 972 2197 de
1011 2155 1300 2198 Orac-iohibus.
1366 2159 1458 2210 lpse
1486 2157 1648 2198 'rullius

394 2225 436 2263 in
472 2227 613 2264 Bruto
648 2236 763 2262 xvm.
813 2222 866 2262 de
904 2224 1057 2263 Catone
1087 2223 1162 2261 ait:
1219 2222 1340 2261 »Nec
1368 2236 1470 2262 vero
1498 2223 1648 2275 ignoro

397 2306 417 2329 »
445 2288 627 2343 nondum
668 2289 773 2327 satis¹
814 2302 903 2337 esse
948 2289 1122 2342 politum
1171 2287 1280 2326 hunc
1317 2295 1549 2338 oratorem,
1605 2297 1648 2327 et

383 2356 415 2395 ἰ)
445 2353 726 2409 quaerendum
757 2367 847 2394 esse
875 2354 1030 2409 eliquid
1057 2352 1285 2407 perfectius
1318 2370 1354 2396 ιο.

447 2438 512 2489 (2)
542 2437 589 2474 In
618 2435 805 2487 margine
844 2450 922 2490 pro
961 2436 1109 2489 opibus
1147 2434 1346 2475 scribitur
1382 2449 1528 2489 opere,
1572 2432 1647 2474 scd

395 2502 632 2543 recentiore
662 2514 795 2543 manu.
