1708 3028
562 309 850 352 LIBER
905 294 1002 356 11.‘
1329 309 1414 366 ,ἢ

130 437 362 492 Catonis
403 449 461 490 et
492 435 739 496 Sallustii
779 448 838 490 et
871 434 1026 488 Tulli
1058 432 1199 489 tuba
1243 453 1414 488 exau-

129 528 249 584 dita
278 542 388 593 est,
449 528 734 603 trepidant
778 540 836 583 et
874 539 1088 602 pavent
1124 540 1182 581 et
1221 525 1411 600 fugam

127 621 335 676 frustra
367 621 732 676 meditantur.
773 621 923 674 Nam
951 620 1064 674 illic
1093 638 1324 692 quoque
1347 621 1411 674 in

127 713 527 788 philosophiae
558 713 892 786 disciplinis,
917 711 1047 766 ‘ubi
1082 723 1273 766 tutum
1304 710 1413 765 sibi

125 805 449 881 perfugium
470 819 698 880 putant,
727 805 978 863 Platonis
1000 803 1412 877 fone(mat)a(1)

130 912 301 954 erunt
324 898 618 954 audienda.
661 900 818 953 Haec
839 900 902 953 in
926 918 1018 952 eos
1042 897 1236 952 fabula
1265 917 1415 951 com·

127 994 300 1066 petit,
330 994 447 1066 ‚qui
482 993 639 1046 nulla
671 990 858 1045 indole
879 990 1122 1065 praediti
1147 991 1413 1064 eloquen-

127 1087 269 1138 tiam
308 1076 673 1159 desperantes
714 1083 980 1157 fugitant.
1060 1083 1222 1149 Tibi,
1281 1085 1417 1140 Cae-

132 1198 220 1233 sar
239 1191 321 1243 (2),
361 1179 694 1243 maximum,
735 1177 991 1242 sublime,
1027 1191 1084 1232 et
1107 1177 1418 1243 excelsum,

130 1284 189 1325 et
221 1269 584 1344 amplificum
623 1273 920 1343 ingenium
959 1269 1029 1323 ab
1066 1271 1171 1324 Dis
1219 1269 1418 1323 datum

131 1375 230 1417 est.
270 1363 421 1417 Nam
447 1365 619 1438 primi
647 1365 735 1418 tui
770 1378 958 1418 sensus
981 1374 1037 1415 et
1070 1361 1419 1416 incunabula

130 1455 453 1510 studiorum
501 1470 734 1511 tuorum
784 1455 927 1510 mih-i
979 1457 1208 1529 cognita
1263 1468 1418 1511 sunt.

80 1606 83 1608 ,
127 1548 427 1603 Elucebat-
453 1551 516 1603 in
564 1568 748 1631 puero
797 1551 912 1603 iam
959 1562 1102 1604 tunc
1155 1547 1422 1602 nobilitas

128 1639 340 1706 mentis
366 1650 426 1717 et'
444 1634 696 1714 ¹dignitas
725 1642 1139 1705 sententiarum
1157 1684 1171 1706 ‚
1211 1639 1422 1714 quibus

130 1733 248 1794 sola
256 1731 496 1788 deerant
505 1733 813 1789 verborum
824 1734 964 1789 lumi
970 1755 1046 1788 na
1059 1754 1074 1789 ε
1106 1754 1171 1789 ea
1186 1752 1423 1806 quoque

131 1826 298 1879 variis
338 1825 844 1880 exercitationibus
887 1820 1307 1881 instruebamus
1346 1837 1421 1887 (3).
1479 1807 1487 1820 ⁸

134 1913 222 1978 Ibi
270 1929 335 1970 tu
385 1906 530 1970 mihi
576 1915 769 1972 videre
816 1916 1006 1993 rnor(a
1055 1916 1386 1994 tempor)ali
1406 1960 1423 1986 ,

141 2207 264 2262 51⁴1)
293 2210 358 2253 lta
376 2183 666 2273 sauconay)
696 2224 793 2253 cum
807 2207 861 2271 f
885 2212 946 2253 Et
972 2221 1074 2253 nota
1102 2213 1376 2255 vocabulum·

159 2302 161 2304 ’
189 2292 260 2347 (2)
290 2293 395 2340 eod.
417 2296 617 2339 Tibiu'e
637 2299 711 2338 cui
723 2324 736 2346 ‚
783 2297 978 2347 Caesar,
1010 2301 1247 2340 max-imum
1277 2307 1358 2339 etc.

172 2373 260 2430 (3)
290 2367 528 2427 verissima
555 2378 662 2421 dicit
693 2380 859 2423 Fronto
890 2381 945 2422 de
965 2380 1170 2423 felicibus
1187 2383 1232 2422 M
1262 2381 1432 2423 Aurelii

138 2440 424 2487 adolescentis
471 2446 635 2490 studiis.
686 2448 839 2488 Testes
879 2449 1041 2504 quippe
1082 2458 1181 2490 sunt
1209 2449 1433 2503 elegantes

137 2509 296 2562 narei,
342 2524 447 2569 quas
483 2527 563 2556 nos
601 2515 862 2569 protulimus
902 2516 951 2557 in=
988 2517 1155 2566 lucem,
1209 2517 1379 2557 litterae
1408 2529 1434 2557 n

137 2576 357 2620 Fronvone
381 2581 480 2636 ipso
513 2581 712 2636 nuperius
738 2584 989 2625 nominatim
1018 2583 1349 2626 commendatae·
1369 2582 1435 2638 (iu
1476 2606 1479 2609 -

138 2642 275 2700 Epist.
290 2646 322 2690 1.
338 2644 763 2692 nunna-Marcum
777 2664 820 2706 p.
835 2652 940 2706 37.).
970 2650 1058 2693 Sed
1081 2651 1199 2692 enim
1212 2649 1428 2707 auspicem

965 2726 1102 2777 17*'
