1708 3028
67 1590 135 1638 ’δὲ

15 2665 56 2713 ι
86 2716 102 2734 ¹¹0

87 2732 128 2757 lvi.

31 2755 123 2788 aaz&

555 280 842 323 LIBER
894 279 958 320 11.
1311 290 1392 330 27⁸

110 429 409 468 nummum
453 409 734 463 Antonini
785 417 885 459 aut
933 401 1235 458 Commodi
1293 414 1395 457 aut

108 505 191 559 Pii
213 499 322 563 m?
364 492 586 556 Polluta
625 513 683 555 et
722 498 1110 553 contaminata
1150 508 1207 548 et
1240 496 1395 547 varia

110 611 168 651 et
187 596 492 658 maculosa,
512 593 1000 662 maculosioraque
1014 603 1073 647 (2)
1095 586 1235 643 haec
1259 600 1393 642 sunt
1448 603 1458 609 ··

106 686 300 748 verba,
324 685 554 762 QUAM
574 686 629 738 N
632 681 934 740 UTRICIS
954 681 1306 734 PALLIUM
1318 693 1392 740 (3).

110 781 290 837 Omni·
305 798 436 852 ergo
451 797 641 852 opera,
662 779 704 830 si
719 769 1053 850 possit—fieri
1063 816 1074 828 .
1088 815 1100 828 .
1115 816 1126 828 .
1140 775 1394 845 linguam

109 869 548 943 (communem)
594 869 810 924 reddas.
871 867 1127 925 Verbum
1166 863 1395 939 aliquod

102 965 372 1038 adquiras
398 984 517 1018 non
540 960 741 1017 fictum
768 983 799 1016 a
824 975 901 1026 te,
931 981 1067 1016 nam
1087 960 1146 1014 id
1167 957 1397 1033 quidem

108 1055 415 1112 absurdum
432 1067 533 1120 est,
556 1054 651 1109 sed
670 1067 1010 1128 usurpatum
1034 1053 1395 1116 concinniuS,

114 1161 214 1203 aut
263 1148 670 1219 congruentius
688 1188 701 1210 ,
761 1159 861 1201 aut
900 1145 1394 1199 accommodatius,

107 1241 363 1294 Tantum
385 1240 736 1311 antiquitatis
754 1258 888 1291 cura
911 1236 1103 1310 e(sto).
1123 1239 1230 1291 Pro
1239 1238 1397 1303 ITA-

107 1333 285 1386 LICA
317 1330 605 1393 GENTE,
647 1326 1073 1384 MAIORIBUS
1099 1328 1397 1384 Sallustius

109 1426 203 1479 ait.
253 1423 628 1495 Antiquitatis
666 1414 926 1475 verbum*
947 1424 1256 1486 usitatum,
1302 1419 1398 1476 sed

107 1534 390 1588 nusquam
420 1512 537 1586 (eo)
580 1533 752 1578 sensu
783 1531 1121 1588 usurpatum
1157 1513 1398 1588 (neque)

166 1741 239 1793 (ι)
278 1739 435 1780 Merito
476 1736 746 1779 commendat
776 1738 943 1778 Fronto
981 1737 1135 1778 horum
1172 1737 1400 1779 caesarum

110 1819 316 1847 nummos.
378 1807 484 1845 Nam
514 1804 678 1844 fabrica
703 1804 879 1860 quidem
908 1804 1143 1844 nummaria
1171 1804 1285 1859 apud
1312 1807 1399 1847 Ro-

109 1886 254 1912 manos
293 1886 500 1912 summum
540 1871 726 1926 denique
765 1870 1047 1926 perfectionis
1087 1871 1251 1926 apicem
1290 1872 1400 1913 obti-

110 1940 252 1980 nuisse
280 1939 450 1980 videtur
481 1937 560 1995 sul)
589 1938 806 1979 Hadriano
838 1948 884 1980 et
911 1937 1149 1978 Antoninis.
1206 1939 1399 1983 Commo.

109 2010 210 2050 dum
251 2015 390 2047 autem
421 2019 518 2047 eum
544 2005 648 2047 dicit
676 2007 866 2056 Fronto,
920 2004 1092 2046 videtur
1120 2004 1315 2048 indicare
1344 2008 1396 2050 L.

110 2077 275 2118 Verum
302 2073 377 2129 qui
406 2083 449 2114 et
481 2074 736 2116 Commodus
770 2072 863 2114 fuit.
924 2074 1034 2113 Nam
1073 2073 1300 2117 Commodi
1342 2088 1399 2116 ex

109 2144 256 2183 Marco
285 2140 417 2196 geniti
454 2154 645 2182 nummos
683 2139 798 2180 haud
831 2139 958 2181 facile
1010 2139 1185 2181 credam
1232 2141 1399 2183 vidisse

108 2210 382 2253 Frontonem.
415 2209 618 2249 Ceterum
640 2207 676 2248 si
704 2207 820 2249 forte
847 2208 931 2249 hoe
958 2208 1057 2248 loeo
1081 2207 1247 2249 Fronto
1274 2208 1401 2251 intel-

111 2276 267 2331 liget-et
295 2276 520 2318 Ceionium
555 2278 832 2319 Commodum
859 2274 1030 2316 Aelium
1059 2275 1245 2327 Verum,
1275 2283 1402 2318 certe

110 2343 270 2384 nummi
311 2342 595 2398 (praesertim
635 2343 788 2398 aurei)
839 2342 962 2383 huius
1014 2342 1214 2385 Caesaris
1265 2344 1401 2386 multo

111 2411 299 2453 omnium
335 2410 682 2465 praestantissimi
711 2419 833 2461 sunt,
886 2419 935 2452 ut
974 2423 1056 2464 ego
1085 2409 1179 2464 ipse
1206 2410 1250 2450 in
1277 2411 1402 2465 regio

111 2477 260 2524 Museo
286 2478 525 2518 nummario
552 2477 864 2519 Mediolanensi
884 2477 1065 2519 ‚memini
1091 2490 1162 2518 me
1190 2485 1358 2522 notare.

168 2543 238 2597 (ο)
267 2543 371 2586 eod.
400 2547 818 2602 maculosioremque.

165 2610 230 2664 (3)
259 2611 379 2652 Haec
408 2610 537 2655 dictio
559 2612 717 2670 petitur
746 2625 799 2656 ex
815 2613 965 2657 Plauto
982 2611 1185 2656 Bacchid.
1209 2612 1248 2658 3.
1270 2612 1308 2658 3.
1331 2613 1398 2658 3ο.
