1708 3028
312 191 394 235 28⁰
690 190 768 229 DE
797 185 1176 231 TESTAMENTIS

322 323 440 377 est3
500 311 546 363 si
591 310 843 364 nondum
889 311 1166 384 profectus
1188 353 1202 375 ,
1239 320 1251 332 ”
1275 324 1330 366 at
1377 313 1568 380 saltem

326 402 546 470 cogitat.
625 399 775 474 Quid
806 402 896 454 file
932 394 1143 473 cogitet
1166 401 1340 465 aliud,
1401 421 1566 475 quam

324 490 489 544 bonis
547 491 734 545 alienis
797 491 1061 545 incubare
1085 533 1098 555 ‚
1171 490 1381 544 fructus
1446 493 1569 546 diri-

324 598 493 654 pere,
556 600 710 653 agros
768 595 979 635 vastare
1000 623 1013 645 ,
1069 600 1187 634 rem
1238 600 1459 637 omnem
1496 582 1575 635 di-

325 668 612 744 lapidare?
673 672 805 725 N'on
846 672 936 724 ille
971 674 1049 726 ita
1092 668 1288 725 stultus
1324 686 1441 736 est,
1509 684 1575 726 ut

326 763 483 814 malit
505 763 695 814 venire
727 761 795 814 ad
813 762 1102 816 Caesarem
1124 774 1179 814 et
1197 763 1372 826 vinci,
1411 780 1579 835 quam

327 871 609 904 remanere
645 854 707 904 in
744 853 874 905 Asia
911 866 967 906 et
1004 852 1287 925 possidere
1309 864 1385 909 (ι).
1464 852 1578 926 Qui

328 961 448 995 mos
481 945 522 995 si
554 941 723 996 fuerit
751 943 1041 1022 inductus,
1088 957 1153 996 ut
1187 943 1581 997 defunctorum

328 1043 661 1086 testamenta
721 1052 792 1085 ex
845 1035 1147 1104 provinciis
1199 1033 1581 1086 transmarinis

331 1123 566 1174 Romam
587 1123 909 1186 mittantur,
949 1122 1229 1194 indignius
1254 1136 1310 1176 et
1338 1120 1583 1180 acerbius

333 1223 792 1266 testamentorum
822 1215 1136 1286 periculum
1167 1215 1293 1277 erit,
1349 1233 1512 1288 quam
1543 1212 1587 1263 si

306 1372 310 1378 ‚
338 1319 575 1375 corpora
593 1302 699 1358 huc
720 1302 1072 1358 advehuntur
1101 1321 1289 1358 eorum
1320 1303 1413 1377 qui
1438 1315 1586 1353 trans

333 1396 508 1447 maria
527 1406 821 1447 testantur.
862 1395 1006 1446 Nam
1025 1392 1115 1448 his
1135 1391 1352 1467 quidem
1377 1387 1587 1445 nullum

318 1481 452 1559 fere
467 1486 698 1557 gravius
708 1484 1014 1555 periculum
1029 1482 1385 1554 superveniet.
1402 1479 1589 1553 8172qu

337 1587 464 1630 tura
495 1573 851 1631 cadaveribus
886 1574 945 1628 in
975 1574 1107 1646 ipsis
1131 1573 1347 1627 iniuriis
1369 1583 1588 1645 praesto

334 1703 338 1705 >
381 1691 388 1719 Σ

393 1817 465 1870 (ι)
497 1819 595 1858 Huc
634 1818 819 1872 pertinet
857 1826 946 1857 tum
979 1817 1173 1858 Edictum
1207 1823 1351 1855 contra
1379 1825 1593 1868 possesso-

337 1895 408 1922 res
447 1882 716 1923 fraudationis
757 1897 877 1924 causa
914 1884 1125 1923 latitantes
1179 1880 1339 1933 Digest.
1389 1878 1483 1920 Lib.
1521 1885 1589 1927 42.

340 1948 421 1988 Tit.
465 1955 505 1996 4.
550 1950 649 2002 Leg.
678 1964 716 2000 7.
774 1951 878 1988 Tum
920 1949 1030 2003 quod
1057 1947 1212 1987 ibidem
1239 1944 1286 1986 ff.
1321 1957 1381 1998 ιι).
1407 1943 1595 1983 refertur

336 2011 404 2053 his
442 2014 584 2055 verbis
658 2014 822 2055 »Divus
858 2027 1027 2068 quoque
1064 2012 1163 2052 Pius
1203 2011 1244 2049 in
1279 2022 1457 2063 persona
1485 2009 1596 2058 eius,

341 2092 366 2117 ao
393 2079 464 2133 qui
483 2079 759 2119 hereditatem
782 2079 999 2132 possidens
1024 2078 1183 2131 copiam
1208 2076 1271 2115 sui
1293 2089 1375 2115 non
1396 2073 1591 2124 faciebat,

344 2161 365 2183 iv
395 2145 637 2198 rescripsit,
686 2148 727 2184 in
776 2146 1090 2199 possessionem
1142 2155 1283 2182 rerum
1328 2138 1600 2179 hereditaria-

343 2225 365 2250 »
393 2219 486 2250 rum
525 2211 809 2251 adversarium
847 2210 1145 2250 inducendum:
1193 2207 1237 2246 in
1277 2219 1359 2260 quo
1388 2204 1597 2258 rescripto
1626 2201 1632 2208 ’

344 2291 366 2316 ν
396 2285 440 2316 et
467 2275 647 2316 fructum
673 2281 904 2331 percipere
932 2277 1050 2315 iussit
1083 2287 1191 2323 eum,
1226 2273 1297 2327 qui
1325 2284 1404 2326 per
1431 2270 1598 2308 nimiam

346 2359 366 2380 ν
399 2343 699 2382 contumaciam
745 2343 1000 2397 possessoris
1052 2338 1325 2389 hereditatis,
1385 2345 1432 2376 ut
1479 2335 1599 2375 lucro

347 2422 368 2446 »
400 2408 488 2447 eius
528 2409 670 2458 cedat,
720 2408 763 2447 in
801 2407 1105 2462 possessionem
1143 2404 1336 2445 inductus
1365 2409 1430 2442 est
1457 2413 1599 2442 rerum

343 2486 365 2512 a)
391 2473 739 2515 hereditariarum
771 2491 808 2515 ».
