1664 3074
574 229 1030 275 VOCABULORUM.
1356 231 1438 282 473

158 335 361 395 talione,
402 343 473 375 aut
508 334 686 375 donatae
714 335 804 385 rei,
833 343 905 374 aut
937 343 1105 388 emptae
1136 333 1332 374 dominus
1361 343 1437 375 est.

157 409 226 450 Ita
251 408 295 447 in
325 409 519 448 Habente
549 420 677 448 onus:
706 407 747 446 in
777 405 1032 447 Possidente
1062 407 1125 446 ius
1155 416 1232 448 est.
1376 394 1378 396 Ι

144 491 156 495 “
210 483 365 521 Munus
381 480 610 544 e5donum.
668 483 843 531 Munus,
865 480 978 536 quod
996 480 1176 529 amicus,
1202 480 1271 520 vel
1294 480 1442 529 cliens,

154 554 226 596 vel
254 554 431 604 libertus
465 554 596 595 officii
626 568 751 595 causa
784 555 981 604 mittunt,
1010 555 1082 600 vel
1110 556 1265 593 Munus
1285 551 1443 606 gladia-

100 631 103 633 ’
153 627 325 669 terium.
359 620 549 676 Donum,
579 626 692 682 quod
722 617 817 666 Diis
847 626 995 676 ‹latui-3
1022 625 1122 683 inde
1142 624 1214 664 ubi
1237 625 1346 665 dona
1366 637 1441 678 po-

155 709 327 751 nuntur,
356 701 594 740 Donatium
624 700 876 754 appellatum
909 701 1092 739 Possunt
1122 708 1164 739 et
1190 699 1268 738 'illa
1290 697 1440 736 nihilo-

154 762 293 812 minus
321 774 452 814 Dona
482 756 579 821 ¹dici,
609 785 717 826 quae
738 771 894 812 donant
911 770 1173 826 pauperibus
1195 770 1350 810 divites
1371 768 1439 811 vel

152 855 362 899 potentes.
409 846 514 885 Illud
541 847 711 900 quocsue
739 845 908 884 Donum
936 843 1168 899 putandum
1204 852 1291 893 est,
1325 839 1441 897 quod

153 918 358 958 militibus
389 918 570 959 donatur
598 919 640 958 in
672 919 849 970 castris,
884 928 930 958 ut
961 918 1141 961 Vallaris
1171 930 1341 957 corona.

206 993 374 1031 Noxam
403 1001 446 1033 et
475 994 654 1034 noxiam.
708 993 826 1032 Noxa
857 1006 995 1046 poena
1025 1001 1110 1032 est:
1138 990 1272 1031 Noxia
1301 988 1436 1043 culpa.

199 1063 424 1104 ’Scientem
456 1073 498 1104 et
526 1066 689 1104 scitum.
734 1065 910 1115 Sciens,
956 1064 1028 1119 qui
1059 1064 1151 1104 scit.
1196 1062 1338 1102 Scitus
1368 1059 1440 1115 qui

151 1132 284 1174 scitur
311 1137 380 1177 vel
410 1134 597 1177 festivus.

208 1207 447 1272 Atg‘mantia
490 1217 532 1247 et
574 1207 779 1246 animalia.
849 1206 1087 1246 Animantia
1128 1205 1288 1247 animus
1325 1203 1438 1247 facit.

150 1279 359 1321 Animalia
379 1282 567 1338 ‚animam
597 1281 769 1321 habent.

209 1353 358 1396 Visum
388 1364 428 1395 at
457 1355 683 1398 visitatum.
742 1354 890 1398 Visum
920 1353 1076 1393 semel:
1104 1351 1332 1395 Visitatum
1350 1364 1440 1390 sae-

149 1423 246 1479 pius
274 1425 380 1465 scito
411 1440 514 1466 esse.

206 1497 468 1552 Abspulsum
517 1506 560 1537 et
597 1497 827 1551 repulsum.
911 1495 1148 1550 Abspulsus
1189 1503 1252 1535 est
1292 1510 1314 1534 a
1355 1507 1438 1549 quo

150 1568 308 1623 pulsus.
362 1568 603 1622 Repulsus,
637 1568 922 1621 retropulsus.

206 1642 371 1680 Motum
413 1649 455 1680 ot
493 1640 695 1679 timorem
735 1648 777 1678 et
821 1636 1094 1677 formidinem
1139 1647 1182 1678 et
1221 1651 1438 1692 pavorem.

151 1712 294 1755 Metus
342 1722 480 1753 motus
538 1721 604 1752 est
653 1712 798 1751 animi:
838 1711 988 1750 Timor
1028 1719 1194 1750 tumor:
1234 1710 1439 1750 Formido

151 1786 242 1827 fert
269 1786 485 1827 interdum
513 1786 741 1826 rationem:
769 1785 913 1825 Pavor
941 1784 1119 1838 puerilis
1150 1793 1225 1825 est.

201 1859 437 1913 Reperire,
467 1859 675 1901 invenire.
705 1857 962 1912 Reperimus
989 1864 1150 1900 nostra,
1194 1856 1437 1897 Invenimus

151 1930 301 1971 aliena.
508 1971 513 1977 ,

208 2003 366 2047 Videte
406 2013 451 2044 et
487 2003 694 2046 videtote.
757 2002 914 2047 Videte
953 2001 1150 2057 imperat.
1171 1983 1186 2001 r
1212 2000 1435 2051 Videtote‚

152 2075 332 2119 mandat.
776 2067 780 2073 ³
1194 2071 1199 2077 ’

204 2148 435 2203 Proprium
471 2157 514 2189 et
552 2149 777 2203 privatum.
825 2146 1055 2202 Proprium
1097 2146 1303 2202 cuiusque
1333 2159 1434 2201 pro-

149 2221 302 2275 prium.
361 2221 581 2263 Privatum
606 2236 691 2262 non
720 2221 952 2276 publicum.

209 2292 332 2334 Onus
373 2303 418 2334 et
452 2295 672 2335 sarcinam.
724 2294 843 2336 Onus
883 2292 1179 2334 vehiculorum
1221 2300 1264 2331 et
1302 2290 1434 2330 maius

153 2373 242 2404 est:
273 2365 446 2406 Sat-cina
473 2367 702 2407 hominum.

210 2436 391 2478 Sumere
434 2447 477 2479 et
516 2440 726 2494 accipere.
773 2438 984 2478 Sumimus
1015 2446 1124 2493 quae
1153 2435 1293 2490 posita
1322 2443 1430 2474 sunt.

150 2509 395 2562 Accipimus
423 2525 530 2565 quae
560 2512 851 2565 porriguntur.

208 2581 509 2636 Locupletem‚
552 2593 594 2623 et
633 2583 828 2633 divitem,
869 2591 912 2622 et
950 2581 1226 2636 opulentum,
1276 2587 1320 2620 et
1357 2592 1433 2633 po-

154 2662 342 2706 tentem,
386 2663 431 2694 et
467 2655 655 2706 beatum,
690 2665 734 2695 et
755 2654 1034 2706 fortunatum,
1065 2662 1109 2694 et
1136 2652 1429 2707 pecuniosum.
