1708 3028
557 317 862 362 PARTfflco.
1192 358 1200 367 ,
1275 297 1358 362 333

76 446 470 526 praesentibus
483 432 729 522 'consiliis
742 444 855 498 tuis
872 443 1058 515 capita
1074 455 1205 514 apte
1226 462 1359 497 con-

80 542 348 605 siderata,
390 540 459 594 de
480 538 717 591 ducibus
739 537 1093 590 exercituum
1118 535 1360 607 deligen-

79 636 192 700 dis,
233 633 303 689 de
322 631 638 693 'commodis
670 633 974 693 sociorum,
1025 627 1204 682 tutela
1238 646 1362 700 pro-

79 728 419 789 vinciarum,
461 723 532 777 de
563 765 574 776 .
611 764 624 776 .
662 764 674 775 .
707 734 860 775 tum:
903 719 1108 793 quibus
1150 719 1365 773 artibus

81 817 367 893 praeditos
403 834 522 877 esse,
553 825 818 887 oporteat
853 815 1223 886 imperatores
1252 811 1363 884 (ob

83 929 242 965 suam
257 921 313 962 et
328 920 448 961 cete
469 907 665 976 orum)
684 947 696 957 .
713 946 724 957 .
742 946 753 957 .
768 916 1042 958 tractatus
1057 947 1070 959 .
1086 946 1098 958 .
1118 945 1127 956 .
1145 924 1281 977 quas
1296 947 1307 958 .
1323 948 1334 958 .
1352 948 1363 958 .

80 928 498 1055 intentionelss.
510 1039 523 1050 .
539 1039 551 1050 .
569 998 856 1050 consuevi.
881 997 971 1050 Ne
1053 999 1215 1054 sim...
1232 995 1370 1070 quid

84 1111 187 1165 ego
199 1093 422 1145 intento
434 1088 758 1151 maiore‚vel
769 1087 994 1159 aliquan
1001 1086 1071 1139 do
1090 1107 1285 1162 reprae
1297 1132 1309 1143 .
1327 1132 1338 1144 .
1353 1131 1368 1144 .

85 1185 330 1239 arbitror
367 1180 694 1255 profuturas
719 1189 806 1246 (¹);
862 1180 1011 1234 Velis
1046 1180 1368 1241 dumtaxat.

86 1277 161 1330 Et
184 1276 356 1347 siquis
381 1315 393 1327 .
420 1315 432 1327 .
461 1315 472 1327 .
500 1270 654 1344 quod
685 1273 852 1344 inper
876 1313 887 1324 .
915 1311 927 1323 .
953 1312 966 1323 .
994 1273 1196 1345 Neque
1229 1274 1372 1328 mihi

90 1371 420 1423 succenseas
439 1406 454 1428 ‚
503 1361 655 1437 quod
675 1381 794 1416 non
816 1357 1139 1417 mea'man‘u
1160 1365 1266 1419 tibi
1293 1370 1391 1420 1·e-'

89 1459 425 1522 scribserim‚
453 1457 788 1531 praesertim
815 1476 946 1509 cum
961 1477 993 1511 a
1009 1472 1067 1512 te
1079 1472 1178 1512 tua
1195 1479 1374 1514 manu

83 1552 326 1610 'scribtas
347 1551 560 1605 litteras
592 1553 920 1622 acceperim.
955 1552 1163 1623 Digitis
1190 1551 1378 1606 admo-

94 1640 511 1710 dumdnv'ahdis
533 1662 689 1696 nunc
708 1655 840 1705 utor
853 1656 910 1696 et
925 1642 1377 1700 detrectantibus

100 1919 121 1942 ν
150 1916 291 1942 nonne
321 1902 358 1942 is
385 1899 680 1955 compensabit
708 1913 806 1941 cum
833 1914 918 1941 uno
950 1901 1163 1943 verisculo
1192 1911 1259 1944 tot
1286 1917 1383 1945 mea

99 1984 123 2009 5»
149 1962 364 2010 volumina
402 1968 572 2008 laudum
612 1980 777 2007 suarum
807 1983 827 2007 »
850 1967 870 2006 ἱ)
919 1969 1053 2008 Immo
1093 1970 1144 2011 11.
1182 1975 1227 2012 in
1264 1973 1383 2014 Rull.

99 2049 226 2077 xvm.
262 2035 436 2077 'veniam
476 2034 528 2074 ab
572 2034 833 2075 auditoribus
870 2035 981 2088 petit
1021 2036 1204 2089 Cicero,
1268 2040 1384 2095 quod

99 2103 265 2158 saepius
301 2102 357 2142 de
385 2101 590 2156 Pompeio
619 2114 715 2141 cum
746 2100 870 2141 laude
901 2100 1027 2145 dicat.

155 2175 226 2229 (ι)
261 2177 514 2230 Opportune
552 2176 716 2215 Fronto
754 2175 929 2215 miserat
972 2178 1120 2218 Marco
1159 2179 1385 2234 legendam

101 2242 351 2290 Orationem
378 2259 462 2297 pro
485 2245 603 2297 Lege
625 2244 842 2293 Manilia„
882 2243 926 2282 in
952 2257 1032 2299 qua
1056 2245 1196 2299 agitur
1227 2247 1281 2289 de
1309 2250 1388 2288 Mi-

59 2308 329 2362 -vthridatioo
367 2309 515 2360 bello‚.
551 2309 665 2366 quod
701 2322 862 2363 genere
898 2319 942 2350 et
986 2313 1273 2366 magnitudine
1308 2330 1387 2370 par

102 2375 183 2417 fuit
219 2376 421 2417 Parthico
461 2385 561 2418 tunc
602 2377 813 2431 temporis
853 2391 877 2417 a
916 2377 1039 2419 Divis
1068 2381 1289 2421 Fratribus
1320 2398 1388 2422 su-

107 2451 270 2498 scepto.
336 2444 394 2484 Et
421 2444 547 2485 doleo
577 2444 771 2499 paginam
799 2444 907 2484 hanc
935 2445 1209 2487 Frontoniani
1238 2450 1387 2504 scripti

106 2523 244 2566 paene
282 2519 409 2551 totam
444 2525 538 2552 esse
567 2510 778 2552 deletam:
824 2511 1016 2565 suspicor
1058 2513 1169 2554 enim
1198 2513 1295 2556 heic
1323 2519 1385 2558 in-

109 2577 298 2618 stitutam
331 2576 456 2618 fuisse
493 2579 675 2632 aliquam
711 2578 890 2619 brevem
927 2578 1102 2633 quidem
1131 2580 1210 2621 sed
1238 2583 1387 2625 utilem

110 2643 464 2700 comparationem
494 2644 720 2700 utriusque
747 2643 853 2686 belli
881 2645 993 2687 inter
1021 2658 1082 2686 se.
