1708 3028
395 198 473 239 302
799 199 915 240 PRO
936 199 1246 243 ,VOLUMNIO

394 321 646 390 inspecta
678 321 837 373 simul
867 321 1122 376 adversus
1146 324 1508 376 Volumnium
1542 338 1643 378 sta·
1687 307 1690 310 Δ

394 410 522 462 tuit.
561 409 670 463 Sed
691 411 815 463 loco
837 452 848 463 .
875 451 886 462 .
916 453 926 463 .
953 413 1115 464 simul
1138 432 1262 484 per.
1281 454 1292 466 .
1314 416 1645 486 ,ignominia

394 538 409 551 .
435 539 447 552 .
470 500 713 553 inuritur
745 501 1096 572 sempiterna.
1145 503 1278 555 Non
1307 502 1452 557 idem
1483 503 1643 557 dede-

393 608 484 642 cus
515 603 598 643 est
626 589 842 642 homini
873 592 1116 645 solitario
1143 594 1446 663 ignominia
1466 593 1642 656 feriri,

391 693 661 751 quantum
709 679 942 734 dedecus
992 695 1075 735 est
1125 684 1296 754 plena
1343 683 1528 736 liberis
1581 704 1643 736 ac

390 769 694 842 nepotibus
733 769 896 822 domo
935 771 1166 826 infamia
1204 776 1424 827 notari:
1485 776 1641 826 cuius

391 859 654 914 infamiae
675 859 949 933 aspergo*t
977 864 1237 934 inquinat
1258 865 1420 916 simul
1439 865 1642 916 multos

391 963 448 1004 et
478 950 787 1004 dedecorat.
830 951 987 1005 Sicut
1003 972 1119 1005 non
1147 953 1338 1006 eadem
1363 954 1543 1007 clades
1561 966 1643 1006 est

389 1042 450 1092 in
478 1042 690 1111 proelio
717 1060 896 1093 unum
917 1045 1162 1112 equitem
1196 1043 1546 1107 obtruncari,
1588 1054 1643 1096 et
1696 1047 1699 1049 ’

388 1124 673 1182 triremem
690 1129 865 1202 frangi
906 1171 1143 1184 .....
1184 1149 1392 1186 armato
1428 1174 1440 1187 .
1473 1175 1484 1186 .
1579 1173 1591 1184 .

388 1223 551 1274 remis
582 1240 715 1274 vero
757 1262 768 1273 .
819 1262 830 1274 .
875 1261 887 1273 .
934 1263 946 1274 .
978 1223 1207 1294 perierit
1239 1263 1250 1276 .
1382 1228 1395 1276 ’.
1428 1225 1643 1294 ,Leges

387 1312 682 1382 pleraeque
718 1329 906 1382 poena
947 1314 1235 1375 sanciunt,
1296 1314 1489 1384 nequis
1528 1311 1641 1364 feli-

388 1421 508 1454 cem
541 1400 795 1454 arborem
819 1401 1064 1455 succidat
1088 1414 1161 1458 (1).
1233 1403 1522 1478 Quaenam
1561 1416 1642 1455 est,

535 1570 557 1592 ¹*
585 1570 645 1613 In
680 1570 936 1627 margine:
985 1572 1083 1614 Haec
1118 1589 1288 1631 aspergo
1320 1587 1494 1615 numero

659 1647 868 1703 singulari.

387 1815 470 1853 Pio
499 1826 540 1865 p.
558 1825 624 1859 27.
659 1812 705 1850 A.
724 1811 956 1851 Britannici
978 1819 1116 1852 tamen
1145 1811 1247 1850 belli
1277 1809 1454 1850 confecti
1473 1807 1636 1848 landem

388 1877 599 1916 Antonino
641 1877 718 1916 Pio
760 1878 920 1917 Fronto
962 1877 1101 1927 dedit,
1155 1886 1199 1915 ut
1239 1876 1296 1915 ait
1333 1875 1558 1914 Eumenius
1597 1875 1639 1913 in

385 1943 643 1995 Panegyrico
684 1944 934 1982 Constantii:
983 1957 1106 1997 quem
1147 1943 1282 1981 locum
1315 1955 1392 1979 nos
1421 1940 1639 1980 retulimus

386 2009 494 2047 inter
522 2008 758 2046 testimonia
786 2009 984 2049 Veterum
1016 2009 1068 2047 de
1092 2010 1312 2049 Frontone.
1349 2007 1415 2045 De
1439 2006 1639 2046 Oratione

387 2084 536 2122 autem,
566 2088 644 2127 qua
677 2073 791 2111 Pium
819 2075 979 2113 Fronto
1010 2073 1319 2118 celebraverat,
1358 2071 1502 2110 recole
1530 2070 1638 2110 dicta

386 2140 428 2179 in
460 2149 557 2179 nota
587 2138 642 2178 adv
664 2139 886 2192 Epistulam
920 2141 950 2178 ῐ.
982 2139 1098 2177 Libri
1128 2139 1157 2178 Ι.
1187 2137 1236 2176 ad
1267 2138 1395 2179 Pium.

441 2207 504 2258 (ι)
537 2205 701 2250 Felices
730 2205 902 2243 arbores
937 2203 1092 2258 aliquot
1132 2211 1347 2242 enumerat
1377 2215 1427 2240 ex
1456 2202 1639 2262 Veranio

383 2270 623 2312 Macrobius
669 2271 832 2310 Sami-n.
883 2271 930 2309 11.
999 2271 1055 2312 lb.
1124 2270 1189 2307 De
1248 2267 1486 2307 infelicibus
1540 2267 1637 2308 vide

385 2337 540 2376 ibidem
561 2336 818 2376 Macrobium
848 2345 889 2375 et
912 2335 1088 2374 Plinium
1113 2335 1272 2373 Histor.
1297 2334 1384 2373 Lib.
1402 2347 1485 2373 xvi.
1522 2333 1635 2375 Sect.

386 2418 477 2443 ην.
506 2411 549 2442 et
588 2402 682 2444 Lib.
714 2417 822 2443 xxtv.
865 2404 976 2442 Sect.
1006 2415 1073 2440 xm
1136 2401 1202 2439 De
1242 2390 1476 2453 puniendi?
1502 2408 1638 2438 autem

388 2469 438 2509 iis
485 2467 557 2522 qui
599 2468 817 2509 succidunt
865 2467 1036 2510 arbores
1086 2464 1306 2519 frugiferas
1345 2464 1443 2504 vide
1480 2463 1638 2517 Digest.
