1708 3028
512 237 667 279 TRAN
673 202 841 278 SMARi
847 238 950 279 NIS.
1289 236 1363 277 282

96 379 194 422 est.
287 364 417 420 Sive
474 366 652 421 maria
708 360 1010 433 naufragos
1063 359 1335 415 devorent
1356 402 1370 424 ,

93 461 208 512 sive
257 455 494 510 flumina
532 457 868 530 praecipites
916 451 1148 507 trahant
1169 495 1183 518 ,
1255 454 1373 506 sive

91 549 336 604 harenae
357 561 415 607 (ι)
448 549 718 614 obruant,
759 544 875 602 sive
910 546 1060 602 ferae
1093 547 1372 608 lacerent,

92 643 210 697 sive
222 643 350 696 volu
358 659 475 695 cres
489 641 828 714 discerpant,
844 659 1046 713 corpus
1058 638 1375 692 humanum

93 737 223 790 satis
263 736 530 808 sepelitur
550 749 608 795 (α)
629 731 978 806 ubicumque
1001 732 1371 786 consumitur.

91 830 172 882 At
205 827 307 882 ubi
343 838 751 882 testamentum
794 824 1088 898 naufragio
1127 823 1376 878 submer-

94 937 222 974 sum
263 914 410 984 est,
448 919 543 972 illa
591 917 818 971 demum
858 931 915 972 et
951 935 1041 971 res
1065 917 1135 969 'et
1174 916 1376 971 domus

93 1025 152 1066 et
184 1010 395 1066 familia
427 1009 697 1083 naufraga
736 1026 907 1083 atque
949 1010 1238 1084 insepulta
1277 1020 1374 1061 est.

39 1087 43 1090 ᾖ
95 1105 247 1159 Olim
281 1117 622 1159 testamenta
663 1123 737 1157 ex
775 1105 1036 1156 Deorum
1075 1101 1379 1156 munitissi-

93 1202 200 1250 mis
229 1196 463 1256 aedibus
488 1208 545 1254 (3)
572 1194 1040 1269 proferebantur,
1092 1207 1192 1248 aut
1217 1192 1379 1280 tabu-

94 1289 244 1343 lariis
274 1301 374 1342 aut
402 1287 590 1360 (lu)cis
624 1298 724 1340 aut
755 1285 954 1340 archiis
983 1302 1092 1340 aut
1128 1283 1379 1359 opistho-

95 1379 276 1434 domis
318 1395 395 1439 (4).
473 1381 552 1433 At
599 1381 712 1432 iam
765 1362 1103 1433 testamenta
1141 1374 1380 1454 pro(pe)

152 1567 224 1622 (ι)
256 1569 319 1610 lta
340 1568 444 1610 eod.
475 1570 662 1611 harenae
691 1581 787 1609 cum
815 1567 1116 1623 adspiratione.
1147 1568 1202 1608 Et
1215 1568 1382 1607 Fronto

99 1634 268 1690 quidem
296 1635 394 1677 heic
422 1635 556 1676 utitur
581 1636 796 1690 plurativo
826 1636 952 1676 huius
972 1635 1168 1679 vocabuli
1190 1646 1384 1683 numero,

101 1702 198 1765 Qua
221 1701 276 1743 de
305 1715 357 1743 re
373 1711 559 1757 praestat
585 1703 739 1744 videre
763 1702 1045 1759 quidFronto
1067 1702 1162 1757 ipse
1193 1701 1386 1755 disputet

100 1769 212 1825 apud
238 1770 426 1810 Gellium
454 1783 539 1811 x1x.
572 1772 610 1812 8.
651 1784 779 1825 quum
819 1771 865 1812 C.
905 1772 1061 1814 Caesar
1095 1769 1139 1809 in
1178 1768 1301 1808 libris
1331 1768 1386 1808 de

100 1839 322 1891 Analogia
359 1836 610 1880 vocabulum
661 1840 826 1880 harena
874 1851 1105 1892 numquam
1152 1833 1386 1876 multitudi-

99 1904 164 1944 nis
193 1917 373 1944 numero
403 1904 692 1957 usurpandum
723 1904 1012 1947 existimasset.

157 1972 228 2025 (2)
260 1970 366 2012 cod.
398 1973 637 2024 sepellitur.

156 2039 226 2092 (3)
260 2037 386 2093 Apud
425 2039 620 2082 Vestales
661 2052 789 2093 saepe
829 2038 1104 2092 deponebant
1133 2045 1386 2078 testamenta

97 2105 292 2150 Romani.
320 2105 374 2147 V.
405 2105 650 2154 Svetonium
675 2106 719 2145 in
744 2109 930 2148 Caesare
959 2107 1030 2148 83.
1062 2105 1106 2144 in
1136 2107 1386 2148 Octaviano

103 2187 194 2215 ιοι.
227 2173 419 2212 Tacitum
443 2175 669 2215 Annalium
691 2174 724 2212 I.
748 2175 785 2215 8.
814 2172 1095 2213 Plutarchum
1125 2173 1169 2212 in
1194 2175 1386 2216 Antonio

99 2238 212 2284 Edit.
227 2238 407 2280 Londin.
429 2248 548 2294 1724.
563 2242 612 2280 T.
624 2255 661 2282 v.
676 2255 719 2294 p.
740 2247 830 2288 124.
863 2240 920 2280 At
935 2240 978 2280 iu
991 2240 1181 2295 Digestis
1204 2240 1291 2279 Lib.
1316 2238 1387 2288 43.

102 2307 186 2350 Tit.
216 2309 253 2350 5.
283 2308 389 2362 Leg.
420 2307 459 2347 3.
494 2305 542 2346 ff.
574 2309 613 2350 3.
677 2307 881 2361 Ulpianus
908 2307 1043 2348 innuit
1072 2317 1115 2348 et
1145 2306 1294 2347 aedem
1323 2319 1386 2345 sa·

102 2386 218 2415 cram
267 2383 310 2414 et
354 2373 641 2414 tabularium:
697 2393 719 2414 a>
752 2375 798 2415 Si
855 2374 1094 2415 custodiam
1147 2375 1388 2414 tabularum

105 2455 127 2481 >v
156 2439 351 2481 aedituus
377 2442 449 2481 vel
478 2441 712 2482 tabularius
740 2441 932 2495 suscepit
957 2454 992 2482 2).

159 2508 222 2559 (4)
253 2509 590 2562 Opisclzodomus
623 2508 704 2549 fuit
737 2510 904 2563 postica
943 2497 1093 2562 templi
1131 2507 1203 2548 vel
1239 2506 1388 2548 domus

105 2587 217 2628 pars.
235 2574 334 2616 §Et
360 2584 461 2616 nota
491 2575 745 2617 vocabulum
771 2576 903 2616 latine
931 2582 1193 2628 usurpatum.
