1708 3028
373 266 452 306 242
656 255 734 294 DE
760 254 1138 298 ORATIONIBUS
1167 259 1273 302 LIB.
1305 259 1334 300 Ι..

380 378 595 431 amoeni
615 396 919 449 numquam
933 380 1231 450 quicquam
1248 384 1619 454 praeterglan·

380 468 506 522 dem
527 508 539 520 .
566 508 578 520 .
605 509 617 521 .
647 481 702 521 et
739 471 800 522 in
830 470 1064 522 lacerata
1087 510 1099 522 .
1125 509 1137 522 .
1166 511 1178 526 .
1202 472 1344 553 Item·
1369 492 1466 525 vos
1488 514 1500 525 .
1524 514 1536 526 .
1565 514 1576 526 .
1604 514 1615 525 .

377 649 547 703 Nunc
574 668 675 719 ego
711 649 963 702 consulto
997 651 1056 702 in
1077 648 1276 704 fabulis
1297 650 1520 715 desino,
1559 665 1625 704 ut

380 741 536 811 siqua
562 741 738 792 acrius
771 738 917 796 dicta
946 753 1102 804 sunt,
1161 744 1439 813 permixta
1475 741 1627 795 fabu-

380 829 445 884 lis
483 830 819 884 molliantur.
872 866 874 868 -
924 882 945 907 0

714 1134 718 1138 ι
778 1050 874 1111 ·M·
922 1050 1249 1138 FRoNToNJs
1305 1128 1309 1135 ¹

621 1183 718 1222 AD
777 1184 847 1222 ·M·
902 1182 1381 1226 ANTONINUM

476 1269 564 1310 DE
607 1267 1104 1312 ORATIONIBUS
1145 1273 1203 1316 (ι)
1242 1273 1450 1315 LIBER
1478 1272 1526 1313 .1.

885 1387 1128 1457 explicit.

686 1533 786 1587 Legi
821 1533 1041 1575 emendavi
1070 1534 1142 1593 qui
1177 1548 1315 1592 supra.

438 1744 505 1796 (ι)
532 1745 653 1783 Haeo
689 1740 822 1783 verba
857 1741 936 1782 De
966 1736 1247 1784 Orationibus
1273 1744 1342 1787 vix
1367 1744 1560 1798 leguntur
1588 1746 1633 1785 in

382 1809 551 1858 Codice,
580 1817 651 1848 aut
676 1820 731 1847 ne
758 1806 830 1849 vix
856 1805 1038 1861 quidem.
1080 1806 1165 1848 Sed
1186 1817 1325 1849 tamen
1353 1810 1449 1850 heic
1479 1811 1634 1851 desinit

385 1874 552 1914 omnino
594 1874 726 1915 Liber
752 1874 805 1914 de
837 1873 1136 1924 Orationibus,
1177 1867 1272 1928 quia
1298 1884 1433 1915 totum
1461 1876 1631 1917 Codicis

382 1938 529 1980 folium
567 1946 763 1979 constans
798 1936 946 1991 pagina
974 1939 1068 1990 387.
1100 1947 1143 1977 et
1171 1942 1261 1982 388.
1307 1941 1483 1981 concilii
1512 1942 1633 1981 Chal-

387 2005 637 2046 cedonensis
672 2005 798 2045 habet
832 2003 1046 2043 materiam
1079 2004 1348 2058 subscriptam
1374 2008 1428 2048 de
1459 2009 1634 2048 oracio-

385 2072 544 2113 nibus?
572 2077 616 2110 et
642 2077 757 2123 patet
781 2082 831 2107 ex
856 2069 1116 2108 recensentis
1144 2069 1239 2109 nota
1266 2070 1370 2110 item
1399 2071 1632 2124 subscripta

385 2139 472 2190 legi
483 2138 703 2178 emendavi
720 2143 797 2173 etc.
813 2133 907 2171 heic
921 2133 1113 2173 desinere
1126 2135 1315 2174 Librum.
1332 2138 1415 2175 Iam
1431 2137 1474 2175 in
1486 2137 1633 2190 pagina

384 2202 543 2244 codicis
566 2201 663 2243 351.
691 2199 848 2239 diserte
877 2207 919 2237 et
947 2201 1170 2254 perspicue
1198 2201 1349 2241 desinit
1373 2202 1633 2257 subscriptus

385 2260 490 2309 alius
510 2267 641 2307 Liber
669 2268 721 2306 de
746 2266 1048 2315 Orationibus,
1085 2267 1358 2320 sequiturque
1378 2267 1634 2320 subscriptus

384 2334 486 2374 item
515 2333 558 2372 in
586 2331 732 2371 eadem
760 2330 909 2385 pagina
935 2330 1066 2371 Liber
1094 2332 1380 2386 Epistularum
1415 2335 1475 2372 ad
1500 2330 1634 2375 Anto-
1661 2334 1663 2336 “

384 2402 691 2449 ninumPium3
723 2411 825 2450 ergo
837 2400 966 2439 Liber
989 2399 1062 2452 qui
1082 2397 1233 2436 desinit
1245 2397 1286 2436 in
1300 2397 1447 2451 pagina
1461 2398 1631 2438 Codicis

384 2465 478 2506 351.
496 2477 586 2502 >non
615 2472 758 2516 potest
786 2477 875 2503 esse
904 2465 982 2502 nisi
1013 2462 1232 2515 secundus,
1261 2475 1337 2501 seu
1365 2471 1483 2501 certe
1509 2463 1629 2504 alius.

379 2529 495 2584 Ergo
521 2529 604 2570 duo
623 2529 770 2568 saltem
793 2538 887 2570 sunt
900 2530 1017 2571 Libri
1032 2529 1251 2569 Frontonis
1270 2531 1320 2570 de
1336 2530 1624 2572 Orationibus.
