1664 3074
309 252 389 300 372
572 248 793 293 LAUDES
824 250 1284 294 NEGLEGEN¹1·1AE.

315 372 532 432 leones,
572 383 638 423 ut
658 369 914 426 formicas
944 391 1073 424 esse.
1145 374 1401 428 Texendi
1427 396 1561 430 vero

318 491 543 526 araneas
581 472 956 543 diligentiores
1004 491 1146 536 esse,
1196 493 1362 545 quam
1391 477 1563 533 Pene-

302 569 501 646 'lopem
533 574 622 626 vel
651 572 1101 641 Andromacham
1130 587 1202 632 (ι).
1242 576 1316 628 Et
1334 579 1563 635 omnino

316 673 581 728 tenuibus
602 676 864 744 ingeniis,
904 687 959 727 et
988 715 999 727 .
1026 715 1038 727 .
1069 714 1080 727 .
1108 715 1120 728 .
1142 673 1249 726 hoc
1275 715 1287 728 .
1313 716 1325 728 .
1352 717 1366 729 .
1387 682 1564 766 ’quas

431 817 442 828 .
492 795 633 828 neve
654 774 733 827 ob.
749 817 763 829 .
789 817 800 828 .
823 816 834 828 .
860 817 872 828 .
916 789 972 829 et
990 776 1295 829 voluntaris
1337 789 1396 834 (α)
1437 818 1450 830 .
1473 816 1486 830 .
1512 817 1524 832 .
1548 819 1560 831 .

317 875 469 948 quod
491 877 576 930 vel
597 879 963 949 praecipuum
992 918 1006 930 .
1032 918 1044 930 .
1070 918 1082 931 .
1108 918 1120 930 .
1144 879 1411 930 amicitias
1434 918 1447 930 .
1475 918 1487 931 .
1511 918 1524 931 .
1546 919 1559 931 .

317 977 659 1049 diligentiam
678 977 958 1031 interdum
983 1019 994 1030 .
1017 1019 1030 1032 .
1055 1019 1067 1032 .
1095 1019 1107 1031 .
1130 979 1282 1031 Deos
1307 1019 1319 1031 .
1349 1018 1360 1030 .
1386 1019 1398 1030 .
1423 1019 1435 1031 .
1472 980 1561 1030 cui

312 1097 399 1133 res
425 1120 437 1131 .
465 1119 476 1131 .
502 1120 513 1130 .
539 1120 550 1131 .
577 1097 694 1131 non
724 1098 900 1150 expro
932 1119 945 1132 .
971 1121 983 1133 .
1010 1121 1022 1133 .
1048 1121 1060 1133 .
1095 1079 1308 1152 Quota,
1342 1098 1443 1132 oro
1477 1093 1561 1143 te,

312 1181 499 1254 portio
525 1180 864 1233 Lucullanae
885 1221 897 1233 .
924 1220 934 1232 .
960 1222 972 1233 .
995 1221 1007 1232 .
1036 1199 1254 1234 caesum
1270 1199 1435 1233 aureo
1459 1222 1470 1234 .
1487 1221 1500 1234 .
1516 1221 1528 1234 .
1546 1220 1560 1233 .

369 1366 438 1420 (1)
467 1365 571 1404 Tela
599 1365 838 1418 Penelopes
867 1366 1084 1405 notissima
1113 1374 1190 1407 est.
1247 1367 1315 1405 De
1334 1365 1561 1406 Androma-

315 1436 418 1476 chae
436 1444 574 1475 autem
592 1436 806 1476 laboribus
823 1437 1018 1476 textrinis
1037 1438 1089 1480 V.
1105 1434 1270 1493 Iliad}
1290 1442 1385 1490 491.
1401 1450 1449 1492 χ.
1462 1443 1559 1485 440,

314 1515 358 1547 et
387 1517 505 1560 seqq.
535 1517 614 1545 nec
643 1520 730 1565 neit
756 1505 931 1547 Aeneid.
962 1506 1029 1546 111.
1058 1507 1154 1554 483.
1183 1514 1226 1547 et
1254 1518 1371 1559 seqq.

365 1575 428 1630 (2)
457 1576 521 1616 Ita
551 1575 656 1619 Cod.
685 1589 767 1630 pro
795 1577 1057 1620 voluntariis.
