1708 3028
253 223 334 261 218
629 221 705 259 DE
737 219 1122 262 ORATIONIBUS

257 342 485 395 Discere
509 353 692 394 autern
714 330 1055 396 ce1·atinaset
1076 345 1270 396 soritas
1287 357 1504 415 etpseu-

261 429 621 495 domenuso),
651 431 817 484 verba
838 444 1093 486 contorta
1107 446 1160 484 et
1177 430 1507 499 fidicularia3

259 521 550 591 neglegere
578 540 710 574 vero
732 522 954 574 'cultum
996 523 1270 574 orationis.
1301 534 1358 574 et
1397 540 1508 593 gra-

259 590 488 663 vitatefn
525 623 581 663 et
613 613 949 666 maiestatem
994 624 1050 665 et
1091 613 1320 683 gratiam
1349 624 1403 663 et
1430 611 1510 662 ni-

259 713 440 753 torem
457 741 468 763 ,
500 699 610 753 hoc
636 701 842 754 indicat
868 702 1022 772 loqui
1042 715 1097 754 te
1124 718 1291 772 quam
1325 700 1510 771 eloqui

258 791 450 852 malle,
500 810 845 844 murmurare
893 794 1078 863 potius
1129 806 1185 851 et
1232 791 1512 862 friguttire

261 899 430 952 quam
456 881 723 951 clangere.
764 881 1000 934 Diodori
1026 895 1082 938 (α)
1132 895 1196 934 tu
1235 895 1290 934 et
1318 880 1513 935 :Alexi-

170 965 176 972 ’
259 972 322 1022 ni
359 980 416 1025 (3)
469 968 638 1022 verba
687 971 872 1024 verbis
925 972 1168 1025 Platonis
1222 985 1278 1024 et
1322 970 1512 1023 Xeno-

260 1059 486 1131 phontis
522 1072 578 1112 et
608 1059 955 1113 Antisthenis
971 1073 1034 1115 ’(4)
1061 1055 1396 1131 anteponis?
1429 1055 1515 1110 Ut

1419 1163 1521 1173 ..ω-ι

318 1223 388 1276 (ι)
418 1222 529 1268 Hinc
558 1221 730 1264 Avidius
758 1222 921 1264 Cassius
950 1223 1133 1262 Marcum
1162 1237 1271 1263 nunc
1309 1224 1518 1263 aniculam

264 1295 582 1348 philosopham,
611 1307 720 1333 nunc
747 1296 1023 1346 dialogistam
1052 1294 1318 1347 contemptim
1334 1292 1517 1346 appella·
1563 1304 1567 1308 ’

200 1410 203 1415 ,
264 1364 346 1405 bat.
375 1365 427 1407 V.
457 1364 691 1405 Vulcatium
711 1364 753 1403 in
779 1367 935 1406 Avidio
964 1367 1110 1406 Cassio
1126 1379 1165 1417 p.
1181 1365 1246 1406 58.
1263 1365 1316 1407 D,
1333 1372 1373 1403 et
1385 1363 1448 1416 59.
1465 1364 1512 1402 C.

317 1434 384 1485 (2)
414 1435 479 1474 De
503 1434 696 1475 Diodoro
721 1435 938 1476 dialectico
961 1434 1065 1474 haec
1089 1435 1241 1474 Cicero
1253 1437 1305 1475 de
1324 1437 1425 1474 Fato
1439 1433 1516 1475 VI.

265 1521 285 1544 υ
300 1504 442 1558 Vigila
466 1505 713 1559 Chrysippe,
738 1519 792 1545 ne
813 1514 924 1546 tuam
953 1519 1130 1555 causam,
1158 1506 1200 1544 in
1220 1519 1296 1559 qua
1321 1504 1397 1544 tibi
1421 1493 1516 1543 cun'i

263 1575 510 1626 »Dicdum
533 1576 698 1616 valente
721 1575 959 1625 dialectico,
983 1589 1128 1628 magna
1152 1575 1322 1615 luctatio
1342 1583 1425 1622 est,
1447 1573 1518 1613 de-

265 1659 420 1686 »seras
432 1661 468 1686 α.
526 1646 636 1690 Vide
679 1646 801 1686 etiam
835 1647 968 1699 Epist.
1001 1653 1039 1694 4.
1071 1645 1163 1686 Lib.
1194 1660 1249 1687 ix.
1280 1648 1340 1686 ad
1365 1646 1515 1688 Famil.

318 1716 394 1769 (3)
424 1717 490 1756 De
518 1716 696 1756 Alexino
725 1716 837 1755 idem
867 1715 1019 1756 Cicero
1043 1719 1176 1757 Acad.
1197 1729 1255 1756 ιν.
1278 1716 1377 1769 Cap.
1399 1729 1514 1757 xxiv.

265 1787 427 1842 »Atqui
479 1786 681 1826 habebam
737 1787 935 1826 molestos
993 1786 1133 1836 vobis,
1187 1787 1261 1825 sed
1314 1786 1520 1835 minutos,

264 1857 561 1911 »Stilponem‚
599 1856 866 1906 Diodorum,
915 1856 1157 1897 Alexinum:
1215 1868 1390 1909 quorum
1425 1863 1519 1895 sunt

265 1937 491 1968 »contorta
531 1936 572 1967 et
619 1928 803 1968 aculeata
851 1920 1052 1981 quaedam
1101 1926 1365 1979 sophismata.
1448 1925 1518 1965 Sic

266 1998 412 2038 »enim
452 1998 715 2052 appellantur
757 1997 927 2037 fallaces
962 1996 1342 2036 conclusiunculae.
1429 1995 1517 2035 Sed

268 2087 287 2108 υ
304 2068 405 2122 quid
456 2082 536 2108 eos
590 2068 800 2120 colligam,
844 2081 938 2108 cum
994 2067 1168 2106 habeam
1219 2066 1517 2120 Chrysippum,

267 2140 370 2195 »qui
393 2138 546 2178 fulcire
575 2147 741 2192 putatur
768 2138 978 2192 porticum
1007 2136 1276 2178 Stoicorum?
1292 2153 1311 2172 α

322 2211 396 2263 (4)
431 2210 530 2250 »Ab
560 2210 807 2249 Antisthene
838 2208 992 2262 (inquit
1021 2209 1170 2248 Cicero
1201 2211 1252 2249 de
1287 2210 1413 2250 Orac.
1451 2207 1517 2248 nI.

268 2297 288 2319 ι)
305 2282 406 2334 Cap.
449 2281 575 2333 xvu.)
618 2281 687 2334 qui
725 2280 969 2334 patientiam
1019 2287 1062 2318 et
1114 2278 1305 2318 duritiam
1335 2272 1395 2316 in
1441 2278 1517 2317 So-

270 2351 466 2392 »cratico
511 2364 706 2391 sermone
758 2351 935 2390 maxime
976 2351 1204 2397 adamarat,
1250 2348 1394 2400 Cynici
1433 2348 1518 2401 pri-

269 2436 437 2472 »mum‚
489 2421 641 2461 deinde
681 2421 813 2461 Stoici
851 2429 1128 2461 manarunt«.
1186 2421 1363 2459 Exstant
1401 2418 1518 2458 Anti-

268 2493 423 2534 sthenis
450 2491 672 2535 Orationes
699 2491 805 2532 duae
835 2491 1100 2533 adversariae
1126 2490 1266 2531 Aiacis
1297 2498 1340 2530 et
1361 2489 1518 2542 Ulyssis
1584 2515 1587 2518 -
