1708 3028
582 299 820 343 SERENo.
1159 278 1162 280 ’
1274 301 1356 344 305

72 427 254 507 voloit
274 427 599 483 existimari.
643 426 828 499 Cupio
851 425 990 478 item
1012 464 1024 477 .
1089 465 1101 477 .
1131 465 1143 478 .
1168 422 1204 456 ’ὅ
1226 466 1239 479 .
1261 468 1274 480 .
1299 466 1313 480 .
1334 468 1348 481 .

71 522 248 594 magis
272 564 285 576 .
315 564 326 576 .
355 563 366 576 .
397 563 408 575 .
433 511 752 574 Enimvero·
774 537 944 591 quam
971 516 1237 572 omnibus
1262 537 1354 573 ne-

69 616 236 689 gotiis
269 611 497 685 (εῷηᾶῑᾶ
534 614 649 667 sint
680 622 1350 684 tempora...tempus...

68 706 310 761 alterum
327 747 339 760 .
358 747 370 759 .
388 746 400 759 .
418 717 674 777 .reputes
698 746 709 758 .
734 743 748 758 .
775 745 787 757 .
817 744 828 756 .
855 723 986 756 cum
1021 704 1211 756 animo
1247 716 1350 767 tuo
1388 697 1393 707 Χ

71 817 149 853 an
183 800 244 850 in
279 799 387 851 ista
422 815 587 850 causa
619 810 843 870 tempus
882 797 1202 868 argumenti
1222 815 1351 869 pro-

69 888 246 944 bandi
271 902 458 943 careat
481 898 558 946 (ι).
600 882 929 961 Antequam
961 886 1186 941 decurio
1207 927 1220 941 .
1247 929 1260 942 .
1289 929 1312 963 ⁰.
1332 930 1344 942 .

66 999 172 1056 per
196 1023 208 1035 .
233 1023 244 1035 .
271 1024 282 1035 .
310 1022 322 1035 .
352 982 531 1036 creari
567 978 767 1035 debuit
786 1021 957 1035 .....
985 992 1208 1034 oreatus
1248 992 1346 1035 est.

66 1072 187 1130 Ubi
216 1085 436 1127 creatus
476 1083 584 1136 est,
635 1089 910 1144 usurpare
943 1070 1223 1125 honorem
1259 1072 1352 1127 de-

65 1159 224 1234 buit3
263 1163 631 1221 multifariam
667 1164 979 1237 usurpavit.
1042 1163 1350 1237 Postquam

65 1261 388 1335 usurpqvit„
426 1257 793 1331 pensionibus
815 1255 1027 1311 inferre
1044 1259 1350 1329 pecuniam

67 1346 298 1416 debuit3
339 1363 542 1420 quater
579 1348 778 1401 intulit
802 1363 877 1407 (2).
942 1347 1144 1400 Munia
1184 1347 1348 1403 decu-

65 1442 321 1495 rionatus
357 1483 369 1495 .
404 1483 416 1495 .
450 1483 462 1495 .
489 1481 502 1495 .
527 1453 586 1496 et
608 1482 620 1494 .
650 1481 662 1494 .
692 1481 704 1493 .
731 1480 743 1493 .
769 1452 914 1494 esset
935 1479 1095 1494 .....
1122 1440 1348 1513 quidem

70 1533 514 1590 ....labrum..
543 1553 780 1588 .sum..
808 1574 819 1587 .
848 1545 905 1587 et
951 1546 1114 1587 tanta
1162 1554 1262 1605 ress.
1291 1577 1303 1588 .
1334 1576 1345 1588 .

68 1607 268 1679 dentas
289 1644 493 1699 parum
507 1625 727 1689 valent,
760 1624 1039 1698 quidquid
1064 1623 1179 1679 huc
1199 1625 1350 1680 addi·
1428 1664 1441 1675 .

67 1725 193 1794 t'um
208 1716 393 1782 fuerit,
415 1716 624 1772 frustra
651 1716 965 1771 abundavit
977 1729 1052 1776 (5).
1080 1718 1228 1771 Nam
1249 1719 1350 1772 ubi

201 2017 227 2044 ’³‘
256 2020 320 2066 In
348 2022 607 2083 margine:
643 2016 858 2068 Donicum
876 2040 953 2084 pro
983 2024 1118 2068 donec
1141 2028 1215 2073 (4)-

123 2307 190 2361 (ι)
224 2300 385 2364 Ca'retje
412 2309 675 2351 construitur
703 2309 919 2352 interdum
947 2324 1044 2351 cum
1071 2310 1321 2355 accusativo.

127 2391 195 2444 (α)
225 2389 384 2433 Confer
411 2394 606 2448 superius
634 2409 675 2449 p.
709 2409 804 2451 299.
841 2409 883 2438 v.
916 2397 957 2439 3.

127 2473 198 2528 (3)
230 2476 294 2515 Ita
323 2475 488 2527 Codex,
518 2477 595 2518 sed
622 2476 804 2519 fortasse
832 2493 913 2534 pro
941 2478 1196 2521 abundabit.

38 2551 40 2554 ‚
126 2555 321 2611 (2011oe
358 2560 537 2612 indicat,
588 2561 836 2605 adverbium
876 2566 1075 2605 donicum
1103 2569 1348 2615 usurpatum

69 2620 199 2666 fuisse
216 2639 241 2665 a
253 2620 468 2669 Frontone
483 2642 566 2684 pro
589 2631 734 2674 donec.
760 2630 847 2671 Sed
860 2631 980 2671 loeus
1001 2629 1255 2671 obliteratus
1271 2636 1344 2668 est.

833 2716 887 2744 20
