1708 3028
374 278 453 316 300
786 270 897 316 PR«)
926 275 1157 319 VOLUMN
1171 282 1224 318 ευ

384 415 526 467 quae
542 394 610 448 ad
627 392 795 450 fidem
814 410 898 451 sat
922 417 1038 450 esse
1059 403 1441 470 oporte-usmis
1461 403 1627 456 iudici

384 504 502 539 non
541 497 699 549 sunt,
739 487 923 540 nullus
962 483 1089 540 finis
1122 488 1510 559 ambiguitati&
1550 495 1632 548 Ut

381 589 590 630 rectam
618 578 872 646 ingressis
902 579 1074 639 viam,
1110 591 1289 632 certus
1320 581 1531 636 itineris
1552 596 1633 636 est

381 664 509 720 finis
544 686 608 719 ac
639 666 864 734 modus;
907 668 1219 722 effantibus
1255 683 1441 723 autem
1478 690 1631 743 pera-

380 775 536 828 grare
562 756 774 810 facilius
796 770 893 819 est,
934 777 1101 829 quam
1120 761 1411 831 pervenire
1452 801 1464 813 .
1505 802 1518 814 .
1561 802 1575 815 .
1616 803 1630 816 .

382 847 549 901 Nunc
573 887 593 900 .,
613 889 624 899 .
651 888 662 899 .
689 889 700 899 .
728 888 740 900 .
766 847 901 900 alter
932 861 1157 902 tentent
1178 890 1190 902 .
1212 851 1229 902 ’.
1254 890 1266 902 .
1291 890 1303 902 .
1330 890 1341 902 .
1364 863 1634 921 quantum

387 950 494 999 est,
533 938 637 990 nisi
669 936 859 1008 quoda
886 979 897 991 .
923 979 934 991 .
959 978 972 991 .
1000 953 1185 993 ssunt.
1218 942 1634 1007 Leuissimum,

383 1027 889 1078 mansuetissimum
911 1067 926 1090 ‚
992 1027 1368 1082 doctissimum
1389 1071 1404 1094 ,
1463 1033 1637 1104 piissi-

383 1133 568 1178 mum,
608 1115 668 1167 in
705 1134 866 1168 causa
898 1134 1017 1169 non
1052 1117 1231 1170 dicam
1264 1118 1439 1184 bona,
1490 1118 1637 1192 finge

385 1207 532 1259 enim
563 1205 819 1276 ambigua
839 1248 851 1268 ‚
915 1218 1075 1260 tanto
1110 1221 1247 1262 natu
1285 1205 1476 1263 senem
1510 1229 1636 1282 pro-

385 1293 481 1347 hib
489 1297 632 1347 uisse
654 1298 805 1348 curia
821 1298 876 1347 in
884 1299 1059 1349 terimi
1084 1298 1189 1350 Cui
1204 1301 1369 1352 aetati
1385 1283 1636 1354 oinnium

384 1386 597 1437 va‘catio
619 1405 919 1438 munerum
942 1386 1070 1439 data
1089 1400 1172 1440 est
1189 1403 1247 1447 (ι)
1276 1387 1310 1417 ’⁶
1336 1429 1631 1445 .......

384 1486 638 1528 aetatem.
691 1476 857 1528 Nulla
893 1476 1014 1539 lex,
1071 1480 1115 1528 si
1146 1481 1631 1533 sacramento-adi·
1665 1471 1668 1473 ⁸

385 1579 594 1636 guntur
625 1604 896 1618 .......
928 1566 1061 1620 Seni
1081 1570 1430 1639 septuaginta
1457 1589 1634 1626 annos

548 1794 571 1814 ²⁸
603 1795 665 1838 In
699 1794 959 1853 margine:
996 1797 1104 1840 Laus
1138 1799 1363 1842 senectutis
1398 1809 1472 1851 (2).

442 2002 509 2054 (ι)
541 2003 698 2055 Digest.
726 2001 820 2042 Lib.
841 2003 907 2042 50,
940 2003 1021 2044 Tit.
1045 2017 1080 2044 2.
1111 2005 1211 2056 Leg.
1241 2018 1280 2044 2.
1311 2001 1357 2048 ff.
1390 2005 1429 2046 8.
1460 2005 1633 2058 legitur:

388 2084 408 2105 ν
439 2066 618 2106 Maiores
655 2066 770 2106 annis
820 2067 1114 2121 quinquaginta
1162 2069 1342 2122 quinque
1394 2069 1447 2108 ad
1494 2071 1633 2111 Decu-

386 2148 406 2171 s>
435 2132 621 2171 rionatus
656 2132 859 2172 honorem
909 2133 1029 2174 inviti
1070 2134 1212 2176 vocari
1261 2133 1634 2176 constitutionibus

388 2212 406 2236 »
434 2198 731 2250 prohihentur:
771 2197 845 2237 sed
872 2199 906 2237 si
936 2199 975 2238 ei
1001 2198 1067 2239 rei
1094 2199 1403 2249 consenserint,
1444 2202 1524 2240 etsi
1550 2216 1634 2242 ma·

389 2280 408 2300 υ
439 2262 552 2303 iores
589 2263 703 2302 annis
739 2263 997 2318 septuaginta
1027 2263 1129 2314 sint,
1178 2278 1350 2304 munera
1380 2265 1549 2321 quidem
1576 2267 1632 2307 ci-

384 2345 406 2366 »
438 2328 536 2367 vilia
573 2329 692 2368 obire
730 2341 813 2369 non
850 2338 1074 2382 coguntur,
1112 2330 1293 2370 honores
1319 2339 1453 2370 autem
1481 2345 1632 2386 gerere

385 2411 404 2430 w
437 2392 594 2433 debent
623 2409 656 2434 ».

436 2473 504 2527 (2)
532 2473 666 2514 Periit
692 2476 786 2516 laus
810 2477 1058 2526 Senectutis,
1085 2489 1178 2514 nam
1205 2485 1292 2516 tota
1319 2489 1455 2531 paene
1483 2480 1629 2533 pagina

381 2538 600 2579 obliterata
629 2548 706 2580 est.
