1708 3028
307 342 387 390 294
573 336 652 375 DE
678 334 968 377 HERIDATE
995 332 1286 374 MA'TIDIAE.

314 457 653 528 placiturum
690 472 859 530 pum,
920 458 963 510 si
1004 457 1198 526 legeris
1241 452 1372 525 quid
1403 455 1463 505 in
1499 454 1567 506 si-

311 547 428 598 mili
457 567 515 599 re
554 549 648 599 ·M·
686 549 902 600 Tullius
932 565 1035 618 pro
1062 549 1142 597 ·L·
1174 544 1391 619 Syllam
1422 562 1567 614 egre-

316 637 402 707 gie
449 635 716 689 scribtum
759 637 1007 707 reliquit:
1074 653 1189 688 non
1221 647 1286 685 ut
1314 652 1417 705 par
1445 628 1568 704 pari

324 744 630 796 compareS,
670 725 762 778 sed
792 739 856 779 ut
878 727 1157 787 aestimes,
1196 737 1446 778 nostrum
1463 713 1573 774 me-

320 815 504 868 diocre
552 817 840 886 ingenium
887 827 1161 887 quantum
1209 814 1277 866 ab
1326 814 1420 866 illo
1461 812 1573 866 exi-

322 906 466 957 miae
506 906 852 977 eloquentiae
890 905 1008 957 viro
1047 902 1367 978 abludattae).

607 998 775 1060 4
1056 970 1089 1015 as.
1430 968 1514 1023 42

381 1103 443 1154 (ι)
474 1105 525 1142 In
542 1101 696 1142 Codice
714 1102 917 1154 scriptum
937 1111 1001 1142 est
1022 1101 1247 1155 perspicue
1265 1116 1348 1153 pro
1363 1102 1428 1142 ·L·
1445 1102 1579 1155 Sylla,⁴

327 1179 457 1219 quum
493 1176 629 1206 tamen
669 1168 710 1205 in
753 1167 1013 1206 Editionibus
1055 1166 1270 1206 Ciceronis
1310 1166 1474 1219 legatur
1499 1181 1580 1219 pro

325 1236 379 1272 P.
413 1235 544 1287 Sylla.
601 1234 850 1272 Lectionem
902 1246 1031 1285 porro
1078 1232 1320 1272 Editionum
1364 1231 1583 1271 confirmat

328 1297 452 1336 etiam
481 1301 697 1352 Interpres
727 1299 1031 1351 antiquissimus
1062 1299 1149 1336 eius
1181 1297 1416 1347 Orationis,
1460 1311 1582 1351 quem

329 1375 409 1415 ego
449 1364 544 1416 ipse
586 1378 722 1416 nuper
752 1364 843 1402 luce
872 1364 1036 1403 donavi.
1077 1363 1273 1402 Mendum
1304 1355 1430 1416 igitur
1460 1363 1585 1403 Codi-

329 1428 386 1468 oi<
430 1429 703 1468 Fr=,›ntoniani
751 1429 889 1482 potius
937 1428 1100 1476 dicam,
1162 1443 1280 1482 quam
1331 1429 1431 1467 duas
1479 1431 1586 1470 Ora-

329 1495 465 1537 aiones
505 1493 630 1533 Tullii
669 1492 831 1546 {it-gam.
886 1495 932 1531 In
961 1495 1162 1534 Oratione
1203 1503 1336 1533 autem
1369 1495 1479 1533 edita
1504 1507 1587 1547 pro

330 1560 377 1599 P.
419 1559 532 1610 Sylla
573 1560 724 1599 Cicero
769 1573 883 1597 suam
927 1559 1055 1612 ipsius
1105 1560 1228 1599 vitam
1274 1559 1588 1612 diligentissime

332 1626 548 1677 purgavit,
601 1635 644 1665 et
681 1624 1013 1664 adversariorum
1054 1625 1296 1671 calumnias,
1346 1624 1456 1678 quod
1496 1637 1590 1664 cru-

334 1689 444 1727 detis
482 1691 524 1728 in
563 1691 777 1730 consulatu
817 1690 988 1739 fuisset,
1038 1691 1148 1744 quod
1200 1689 1419 1737 subdolus,
1478 1690 1590 1743 quod

334 1755 534 1803 iniust-2⁸3
576 1755 686 1810 quod
717 1755 869 1795 deinde
896 1755 1148 1804 inconstans,
1189 1763 1231 1793 et
1259 1754 1461 1793 eiusmodi
1492 1757 1591 1795 alias

337 1821 645 1860 criminationes
683 1822 853 1863 retudit.
895 1824 984 1860 Hae
1022 1820 1113 1860 fere
1153 1815 1313 1859 ratione
1350 1821 1510 1860 Fronto
1536 1821 1595 1862 vi-

338 1886 463 1926 detur
503 1887 545 1925 in
587 1887 793 1927 Oratione
831 1888 1023 1942 Bithyna
1061 1884 1336 1925 innocentiam
1376 1898 1487 1924 suam
1526 1893 1596 1925 aut

340 1953 441 1992 alius
467 1953 646 1992 cuiusvis
674 1952 1042 1992 commendavisse.

361 1036 448 1044 v--—-

397 2017 465 2069 (2)
496 2018 599 2062 cod.
629 2019 790 2058 abluat.
841 2019 915 2056 Est
943 2026 1076 2056 autem
1106 2014 1357 2056 conferenda
1383 2016 1489 2055 haee
1510 2016 1597 2055 laus

343 2082 516 2130 eximia,
570 2097 692 2136 quam
731 2085 888 2122 Fronto
919 2081 1059 2121 Tullio
1090 2080 1248 2121 oratori
1285 2080 1452 2128 tribuit,
1503 2094 1596 2120 cum

345 2160 394 2185 ea
429 2148 597 2202 obliqua
632 2150 961 2202 vituperatione,
1020 2161 1100 2200 qua
1152 2146 1262 2185 idem
1303 2146 1462 2185 Fronto
1502 2147 1599 2185 Tu}-

344 2212 446 2251 lium
497 2210 833 2269 ἑπιστολογροίφον
877 2227 1051 2266 carpere
1097 2212 1264 2253 videtur
1302 2211 1347 2249 fn
1388 2211 1519 2264 Epist.
1564 2212 1596 2254 Ι.

350 2278 438 2319 Lib.
470 2280 506 2321 Ι.
537 2279 589 2318 ad
616 2279 798 2319 Marcum
828 2294 864 2332 p.
893 2282 958 2331 37.
