1664 3074
306 280 386 325 37⁰.
794 273 1065 313 LAUDES

308 393 459 447 haud
473 395 764 465 quisquam
775 412 977 464 magno
992 392 1562 468 opereinsidiaslocat‚

313 497 633 549 existimans
671 497 838 548 etiam
874 496 991 548 sine
1022 495 1233 551 insidiis
1260 517 1474 570 semper
1508 511 1564 552 et

313 595 522 666 ubique
557 608 613 646 et
644 593 743 646 ubi
772 594 941 648 libeat
978 597 1360 668 neglegentem
1389 598 1562 651 homi-

312 716 443 750 nem
482 699 540 749 in
588 698 819 768 proclivi
851 696 971 750 fore
1007 697 1209 752 fallere.
1284 700 1562 755 Adversus

312 798 584 870 diligentis
621 817 750 852 vero
781 812 837 853 et
860 801 1286 872 circumspectos
1309 815 1364 855 et
1383 803 1561 865 exsule
1645 874 1650 879 ι

311 902 480 954 tantis
517 891 716 972 opibus
737 900 952 956 fraudes
971 915 1026 955 et
1047 905 1334 975 captiones
1356 918 1413 958 et
1432 906 1562 958 insi·

313 1002 437 1056 diae
448 1014 729 1073 parantur.
741 1003 825 1055 Ita
837 1001 1010 1056 ferme
1020 1001 1561 1060 NEGLEGENTIA

311 1115 640 1175 contemptu
666 1115 905 1166 tutatur,
935 1102 1216 1175 diligentia
1239 1118 1361 1162 astu
1374 1125 1560 1180 ,oppffi

311 1220 443 1278 gnat
450 1226 526 1258 ur.
554 1205 628 1258 Et
650 1205 842 1256 erratis
852 1205 1388 1269 NEGLEGENTIA
1397 1211 1563 1263 venia

310 1308 556 1380 paratior
579 1305 784 1374 ¹datur,
835 1320 892 1361 et
933 1306 1231 1378 benefactis
1264 1320 1319 1366 (1)
1373 1313 1558 1384 gratiis

307 1410 482 1482 gratia
514 1407 766 1481 habetur.
816 1408 962 1460 Nam
993 1423 1214 1480 praeter
1235 1400 1557 1482 opinionem

306 1524 524 1582 gratum
567 1521 674 1570 est,
721 1519 1029 1560 ceterarum
1056 1528 1243 1568 rerum
1268 1509 1557 1582 indiligen-

258 1676 261 1677 ⁷
303 1627 444 1676 tem,
480 1608 810 1664 benefacere
837 1610 898 1661 in
927 1622 1176 1681 tempore
1197 1609 1349 1664 haud
1378 1613 1559 1685 negle-

303 1717 466 1769 xisse.
509 1717 622 1768 Iam
646 1691 792 1764 illud⁴
806 1732 837 1764 a
849 1713 1027 1785 poetis
1043 1712 1316 1766 saeculum
1325 1733 1556 1768 aureum

303 1830 676 1874 memoratum
689 1858 702 1880 ,
725 1799 911 1878 sicum
931 1816 1116 1867 animo
1127 1828 1376 1888 reputes,
1397 1817 1552 1869 intel-

301 1898 1548 1991 legasNEGLEGENTIAEsaeculumfuisse*.

304 2021 445 2072 Cum
468 2038 591 2089 ager
613 1996 892 2088 neglectus
911 2016 1122 2069 fructus
1146 2016 1344 2071 uberes
1354 1994 1549 2080 feriet,

302 2121 600 2189 omniaque
640 2118 899 2169 utensilia
941 2116 1358 2189 neglegentibus
1392 2119 1547 2171 nullo

298 2222 521 2291 negotio
555 2217 947 2290 suppeditaret.
1023 2219 1187 2271 Hisce
1213 2222 1548 2290 argumentis

430 2361 454 2389 *
510 2364 562 2400 In
591 2362 799 2412 margine:
829 2359 1053 2399 Saeculum
1080 2360 1185 2399 illud
1216 2352 1387 2403 aureum
1405 2389 1418 2411 ‚

554 2426 770 2464 saeculum
799 2426 1100 2479 Neglegentiae
1132 2425 1224 2466 fuit:

344 2551 408 2602 (1)
440 2544 586 2591 Codex'
623 2544 830 2604 bqfactis,
870 2557 909 2589 at
936 2537 1110 2588 inferius
1142 2548 1254 2588 idem
1282 2545 1539 2606 benffactis..
