1708 3028
337 264 416 309 316
715 266 919 310 FRAGM.
951 267 1222 310 ANONYMA

337 386 686 458 voluptatiba
708 404 766 448 (ι)
790 427 1041 444 ......
1084 388 1194 441 Sed
1234 427 1520 444 ......
1551 388 1587 420 ‘¹'

412 518 445 540 „
485 477 594 530 Sed
625 480 683 529 in
707 479 790 531 his
826 491 942 531 erat
967 478 1372 549 Semproniam
1392 521 1415 553 ,Ι
1447 498 1588 551 quae

337 608 370 631 ‚‚
410 569 584 620 multa
628 587 791 639 saepe
834 569 1014 645 virilis⁴
1050 568 1310 621 audaciae
1341 568 1588 622 facinora

336 698 369 722 ,‚
409 659 775 717 commiserat.
813 661 963 710 Haec
987 659 1184 711 mulier
1201 677 1395 730 genere
1420 671 1588 732 atque

335 786 368 811 „
411 746 615 810 forma,
673 761 958 819 praeterea
995 750 1113 799 viro
1151 761 1215 801 -et
1243 748 1428 802 liberis
1461 750 1588 802 satis

336 877 368 900 „
408 835 696 890 fortunata
716 837 849 892 fuit:
887 838 1084 891 litteris
1107 840 1308 909 graecis
1331 851 1386 891 et
1402 839 1585 891 latinis
1635 876 1639 877 ν

336 968 369 991 ,,
412 926 608 994 docta;
657 929 888 999 psallere
926 942 981 981 et
1020 929 1213 981 saltare
1255 929 1584 999 elegantiu5‚

334 1034 367 1079 3,
408 1035 575 1086 quam
597 1035 815 1071 necesse
843 1017 1078 1088 probae:
1121 1018 1295 1071 multa
1315 1018 1420 1070 alia
1442 1037 1585 1089 quae

334 1147 366 1168 ,‚
407 1107 778 1158 instrumenta
806 1106 1060 1160 luxuriae
1091 1121 1239 1160 sunt.
1297 1105 1404 1160 Sed
1432 1108 1480 1158 ei
1502 1126 1589 1160 ca·-

333 1237 367 1260 ‚‚
406 1197 552 1249 riora
582 1215 797 1268 semper
820 1198 1008 1270 omnia
1040 1217 1207 1268 quam
1231 1196 1394 1250 decus
1423 1236 1435 1248 .
1472 1236 1484 1249 .
1521 1236 1533 1248 .
1572 1237 1583 1248 .

361 1276 363 1280 '
989 1268 1048 1314 32⁴}ss-

512 1380 536 1407 =:=
569 1383 632 1427 In
675 1382 933 1442 margine:
982 1386 1131 1428 Forma
1166 1385 1416 1442 (luxuriae).

331 1553 502 1609 quidem
529 1555 722 1596 Aurelius
759 1555 840 1594 hoc
865 1554 1030 1607 puerile
1061 1555 1316 1609 excerpendi
1343 1554 1587 1595 exercitium

330 1633 375 1658 se
411 1633 496 1658 non
539 1633 631 1659 esse
670 1628 930 1672 aspernatum
968 1620 1058 1672 ipse
1099 1619 1245 1659 scribit
1286 1619 1412 1673 (Lib.
1446 1620 1496 1661 11.
1535 1618 1588 1658 ad

329 1687 386 1726 M.
416 1685 550 1738 Epist.
582 1686 675 1738 ιι).
708 1687 837 1724 Immo
868 1693 911 1724 et
933 1698 955 1722 a
978 1686 1189 1725 Frontone
1220 1685 1298 1724 sibi
1326 1684 1447 1724 missa
1476 1685 1588 1725 eius-

328 1749 445 1789 modi
457 1751 667 1804 Excerpta
687 1758 987 1790 commemorat
1010 1750 1122 1802 (Lib.
1152 1751 1181 1790 1.
1209 1749 1260 1790 ad
1271 1751 1328 1791 M.
1345 1750 1476 1805 Epist.
1494 1753 1587 1804 nn).

329 1818 437 1855 Tum
474 1816 659 1856 Sallustii
698 1815 923 1856 lectionem
964 1815 1044 1855 sibi
1085 1829 1108 1853 a
1142 1817 1342 1869 Magistro
1381 1829 1588 1856 commen-

329 1881 468 1920 datam
495 1881 632 1921 innuit
672 1881 791 1932 (Lib.
821 1883 870 1922 11.
910 1881 963 1921 ad
997 1883 1054 1920 M.
1085 1881 1219 1933 Epist,
1249 1882 1326 1932 w).
1386 1883 1588 1922 Ceterum

328 1954 375 1990 et
402 1947 493 1999 ipse
522 1947 684 1987 Fronto
712 1947 909 1987 Sallustio
948 1946 1233 1999 vehementer,
1267 1947 1446 1987 studuit:
1469 1963 1473 1968 ·
1493 1961 1588 1986 nam

327 2020 502 2065 praeter
531 2012 633 2051 alios
662 2011 931 2052 Sallustianos
956 2010 1071 2051 locos
1099 2025 1122 2050 a
1149 2011 1268 2051 nobis
1295 2012 1339 2050 in
1373 2012 1597 2066 Operibus

329 2077 417 2116 eius
442 2085 632 2126 notatos,
687 2075 809 2116 etiam
838 2077 881 2116 in
911 2078 1163 2129 Fragmento
1190 2090 1245 2118 vi.
1278 2077 1432 2131 Operis
1460 2081 1588 2120 Prin-

326 2145 446 2195 cipia
457 2144 684 2183 Historiae
696 2157 738 2196 p.
753 2143 848 2184 355.
873 2141 945 2181 illa
962 2142 1092 2181 verba
1105 2144 1232 2182 Mare
1248 2157 1418 2184 saevum
1431 2146 1594 2196 impor-·

328 2217 494 2248 cuosum
513 2214 595 2247 etc.
622 2210 800 2248 Patiens
827 2208 1016 2248 laborum
1041 2215 1120 2246 etc.
1151 2220 1202 2247 ex
1221 2207 1334 2252 bello
1346 2208 1588 2260 Iugurthino

329 2272 511 2312 Sallustii
539 2274 736 2324 petuntur
763 2287 836 2327 pp.
864 2272 930 2324 75„
961 2281 1002 2312 et
1027 2275 1082 2320 84
1110 2285 1186 2311 seu
1214 2285 1330 2326 capp.
1357 2285 1422 2314 20.
1451 2281 1495 2330 et
1523 2278 1587 2318 30·

381 2338 446 2390 (1)
466 2338 574 2376 Nota
585 2337 830 2377 vocabulum
843 2339 1139 2391 voluptatibus
1151 2338 1248 2391 (pro
1261 2339 1584 2390 οοίιιρεαείυιιε),

328 2419 378 2453 a,
418 2419 510 2452 um,
546 2401 661 2456 quod
686 2402 938 2457 adscribitur
966 2402 1090 2443 etiam
1117 2403 1160 2442 in
1187 2402 1374 2455 margine
1404 2402 1583 2446 Codicis.

385 2467 449 2520 (2)
490 2467 651 2509 Sallust.
676 2467 793 2507 Bell.
836 2467 924 2509 Cat.
964 2481 1005 2521 p.
1023 2481 1103 2509 ιιι.
1135 2469 1246 2510 Edit.
1277 2467 1582 2520 Crispinianae‚

330 2545 405 2572 seu
432 2546 520 2586 cap.
551 2530 616 2573 26.
657 2532 767 2574 Edit.
799 2532 1078 2576 Cominianae.
