1708 3028
0 263 1 266 ,
33 128 68 218 ⁸
578 204 1019 246 TRANSMAmMS.
1360 216 1443 257 27⁴)

152 332 430 403 Magnum
449 330 555 383 iter
583 341 640 384 et
662 327 1009 383 festinatum.
1051 327 1306 382 Navibus
1335 347 1436 391 ne,

153 443 226 477 an
251 423 410 496 equis
426 463 439 485 ‚
480 418 608 494 (an)
628 420 1033 496 diplomatibus
1054 431 1114 478 (ι)
1137 419 1274 474 facit
1295 419 1437 474 haec

25 547 99 586 φρ,
145 529 268 570 ‘tam
299 515 513 568 velocia
547 510 860 572 statiba<2>?
904 514 1051 568 Cum
1083 514 1319 567 interim
1347 532 1436 569 co-

54 586 83 595 i*
136 609 408 680 agnitione
434 608 730 681 proposita
761 606 934 660 semel
969 626 1000 659 a
1037 619 1096 660 te
1119 649 1132 670 ‚
1195 606 1433 671 Caesar,

147 701 328 773 petita
359 698 554 754 dilatio
587 713 645 754 et
670 700 974 773 impetrata
989 706 1068 760 Ι(3).
1133 698 1434 771 Proposita

150 793 478 865 cognitione
517 812 742 846 rursum
783 811 815 846 a
852 805 909 846 te
942 790 1120 845 duum
1153 792 1435 845 mensium

145 888 366 960 petitur
385 887 601 942 dilatio.
642 888 780 940 Duo
800 906 1024 941 menses
1047 885 1236 940 exacti
1253 879 1431 938 sunt?

143 977 336 1033 Idibus
387 979 662 1052 proximis
714 989 774 1033 et
823 977 939 1033 dies
989 976 1161 1032 medii
1207 978 1301 1033 isti
1340 976 1432 1030 ali-

145 1083 305 1144 quot.
388 1072 554 1126 Venit
592 1066 870 1125 tandem‘?
932 1054 991 1124 Si
1042 1069 1302 1124 nondum
1341 1090 1431 1123 ve-

143 1166 234 1218 nit
255 1206 269 1229 ‚
294 1227 299 1232 .
329 1163 524 1218 saltem
564 1163 1024 1237 adpropinquat;
1087 1165 1129 1218 si
1171 1161 1431 1217 nondum

145 1255 595 1330 adpropinquat,
644 1256 842 1310 saltem
875 1254 1166 1328 profectus
1203 1275 1277 1309 ex
1298 1256 1431 1308 Asia

192 1469 259 1521 (ι)
287 1469 507 1522 Diploma
542 1467 777 1508 vocabatur
812 1467 1035 1508 codicillus
1065 1468 1186 1522 signo
1214 1465 1430 1521 Principis

59 1588 61 1590 Ι
139 1544 212 1576 aut
260 1534 459 1590 Delegati
506 1543 704 1584 notatus,
765 1549 850 1591 quo
901 1536 1065 1590 scripto
1115 1549 1217 1575 usus
1264 1533 1429 1590 publici

140 1603 288 1643 cursus
337 1602 670 1644 concedebatur.
749 1603 821 1643 Sic
868 1603 1134 1659 Capitolinus
1183 1610 1329 1642 narrat
1373 1601 1428 1642 de

136 1669 361 1711 Pertinace
399 1670 443 1709 in
485 1670 579 1709 eius
624 1670 710 1711 vita
749 1684 790 1723 p.
832 1685 902 1725 7q.
975 1689 995 1709 »
1021 1669 1133 1710 Dein
1178 1667 1430 1724 praefectus

141 1752 161 1775 e
192 1738 382 1777 cohortis
410 1737 454 1776 in
483 1737 602 1789 Syria
633 1735 874 1790 profectus,
903 1739 955 1778 T.
991 1738 1169 1778 Aurelio
1198 1741 1428 1792 imperato·

139 1819 159 1843 ›>
189 1818 262 1853 re,
307 1803 423 1859 quod
466 1805 557 1843 sine
587 1803 889 1858 diplomatibus
918 1817 1091 1844 cursum
1122 1810 1428 1860 usurpaverat,

143 1890 161 1910 »
197 1871 375 1921 pedibus
416 1871 468 1911 ab
511 1870 736 1912 Antiochia
777 1871 830 1911 ad
868 1871 1128 1926 legationem
1175 1886 1295 1913 suam
1343 1871 1428 1910 iter

142 1958 160 1977 ι
195 1938 338 1978 facere
366 1948 537 1979 coactu·
568 1948 631 1979 est
662 1955 694 1979 ».

193 2006 266 2059 (a)
296 2007 359 2045 lta
390 2005 495 2048 Cod.
526 2020 607 2061 pro
635 2008 823 2052 stativa.

188 2072 257 2126 (3)
285 2072 549 2113 Adscribere
565 2073 662 2114 heic
678 2072 796 2114 iuvat
811 2073 929 2129 quod
953 2074 1010 2115 ait
1032 2073 1240 2129 Ulpianus
1253 2072 1423 2126 Digest.

138 2139 232 2179 Lib.
277 2153 315 2181 2.
359 2139 443 2180 Tit.
483 2150 546 2181 ια.
593 2143 698 2195 Leg.
731 2158 772 2194 7.
831 2157 851 2181 ›»
874 2141 1083 2183 Oratione
1122 2141 1295 2198 quidem
1323 2139 1427 2181 Divi

139 2224 158 2245 ιο
191 2205 347 2255 Marci,
388 2206 567 2261 amplius
608 2221 731 2264 quam
769 2209 905 2250 semel
941 2208 1080 2263 (non)
1121 2222 1217 2250 esse
1245 2206 1428 2249 dandam

140 2288 158 2313 2
188 2274 568 2315 instrumentorum
595 2276 862 2328 dilationem,
913 2288 1167 2332 expressum
1207 2284 1296 2328 θεῖς
1347 2271 1428 2315 sed

138 2355 158 2379 i»
189 2340 377 2382 utilitatis
420 2340 673 2396 litigantium
718 2344 882 2399 gratia,
949 2357 1074 2385 causa
1126 2344 1321 2396 cognita,
1383 2348 1428 2383 et

138 2421 167 2445 ν
189 2405 344 2448 iterum
373 2407 525 2451 dilatio
553 2419 638 2451 tam
669 2424 721 2452 ex
752 2412 926 2462 eadem,
981 2425 1108 2468 quam
1138 2425 1191 2452 ex
1219 2410 1302 2451 alia
1327 2421 1427 2464 pro-

140 2490 161 2511 »
192 2473 350 2525 vincia,
402 2477 638 2518 secundum
677 2478 955 2519 moderamen
983 2479 1181 2520 locorum
1211 2474 1428 2532 impertiri

141 2556 160 2579 ι)
193 2541 323 2581 solet:
352 2551 395 2582 et
422 2544 606 2586 maxime
635 2545 670 2586 si
700 2545 858 2602 aliquid
884 2545 1147 2601 inopinatum
1177 2552 1367 2599 emergat
1388 2557 1424 2582 2.
