1708 3028
573 295 883 343 rffl'rfflco.
1286 282 1364 336 33‘1

85 425 208 500 Qur
235 425 407 497 igitur
441 435 535 487 tn,
580 423 810 501 *Marce‚
871 439 988 474 non
1024 421 1244 472 minore
1287 419 1370 473 iu-

84 518 252 590 genio
289 515 606 590 praeditUS,
647 533 817 587 quam
861 513 942 567 ‘C'
984 512 1216 575 Caesar,
1265 530 1371 563 nec

79 611 272 666 minus
305 607 504 664 ordine
535 588 887 681 inelytuso),
946 625 1055 659 nec
1093 604 1373 678 pauciori·

84 700 190 756 bus
235 701 508 774 exemplis
554 713 652 752 aut
692 697 1050 766 documentis
1089 696 1373 750 familiari·

85 793 192 848 bus
218 796 563 855 ,instructUS,
619 810 738 845 non
775 791 968 844 vincas
999 791 1254 862 negotia,
1313 801 1375 849 ,et

84 885 347 938 invenias
389 883 619 939 tibimet
652 893 911 955 tempora
944 901 1066 936 non
1097 881 1269 935 modo
1304 878 1376 935 ad

86 978 372 1031 orationes
413 989 470 1030 et
510 988 804 1049 poemata,
866 975 962 1028 sed
1005 977 1176 1031 etiam
1210 975 1375 1050 syllo-

84 1071 292 1142 gismos
313 1081 396 1133 (ι),
462 1071 508 1122 si
556 1069 781 1141 perpeti
832 1081 996 1140 potes
1022 1110 1036 1132 ‚
1097 1068 1378 1122 resolven-

72 1157 232 1219 ῐ(1οεῖ
271 1161 443 1215 Nunc
474 1174 541 1215 ut
561 1160 894 1215 Orationem
920 1161 1087 1215 istam
1115 1161 1270 1215 Tulli
1289 1174 1377 1225 (3),

145 1421 212 1475 (1)
243 1419 394 1463 Codex
422 1419 598 1460 videtur
625 1419 788 1460 habere
817 1422 1012 1461 inscitus.

145 1488 214 1540 (α)
245 1487 508 1541 Syllogismis
536 1487 751 1529 solvendis
780 1497 910 1542 negat
939 1501 984 1528 se
1013 1487 1182 1528 trivisse
1212 1497 1381 1544 tempus

90 1556 148 1596 M.
179 1554 284 1609 ipse·
302 1555 500 1596 Aurelius
530 1557 609 1596 De
636 1557 760 1597 rebus
787 1558 877 1597 suis
907 1557 937 1594 Ι.
972 1570 1033 1608 ¹7·
1067 1557 1191 1596 Tum.
1217 1572 1313 1598 vm.
1347 1575 1380 1600 ι.

34 1628 41 1637 “
92 1621 174 1672 ait,
223 1635 274 1661 se
321 1621 476 1662 bonam
516 1623 768 1676 beatamque
808 1623 937 1665 vitam
987 1623 1032 1662 in
1083 1623 1136 1662 iis
1186 1638 1271 1663 non
1319 1625 1382 1664 in-

56 1735 61 1739 ,
88 1689 274 1730 venisse.
333 1691 521 1729 Marcum
553 1698 693 1728 tamen
722 1684 854 1730 fuisse
896 1689 1086 1730 deditum
1117 1690 1382 1732 Dialecticae

50 1752 68 1770 ‘
94 1757 270 1812 eiusque
309 1756 558 1798 doctoribus
596 1764 759 1796 constat
787 1770 839 1797 ex
866 1758 1129 1811 Fragmento
1160 1759 1191 1797 Ι.
1223 1757 1315 1800 Lib.
1347 1760 1382 1801 1.

95 1827 151 1866 de
193 1825 479 1867 Orationibus
518 1831 562 1862 et
602 1823 870 1878 Fragmentis
907 1824 956 1865 11.
1001 1833 1046 1864 et
1084 1824 1147 1862 nl.
1186 1825 1307 1865 Libri
1335 1827 1384 1868 11.

96 1892 300 1950 Cete'n
341 1905 396 1932 ne
435 1891 662 1940 miremur,
714 1892 974 1931 Frontonem
1023 1901 1243 1932 auctorem
1289 1907 1383 1934 esse

94 1959 241 1999 Marco
281 1967 328 1998 ut
368 1972 510 1998 curam
556 1959 740 2013 aliquam
782 1960 904 1998 etiam
941 1959 1192 2012 syllogismis
1221 1961 1384 2015 impen-

97 2025 193 2065 dat:
238 2040 334 2066 nam
361 2026 623 2066 Dialecticae
663 2040 771 2066 usus
802 2027 969 2080 sapiens
1000 2025 1051 2065 ab
1079 2026 1269 2067 Oratore
1297 2043 1383 2069 non

86 2092 316 2133 abhorret.
385 2094 483 2147 lpse
523 2093 678 2134 Cicero
723 2093 766 2132 in
805 2097 951 2135 Bruto
998 2107 1066 2134 xc.
1109 2093 1165 2134 de
1209 2108 1257 2135 se
1304 2097 1385 2136 ait:

101 2179 122 2199 ιο
154 2162 189 2200 Α
219 2159 404 2199 Diodoto
434 2159 738 2200 studiosissime
778 2161 820 2200 in
851 2160 1090 2200 Dialectica
1118 2162 1384 2219 exercebar,

105 2243 128 2266 π
156 2242 265 2283 quae
301 2227 423 2282 quasi
462 2236 683 2268 contracta
723 2237 768 2268 et
805 2227 1010 2268 adstricta
1039 2228 1279 2283 eloquentia
1308 2245 1385 2285 pu-

106 2310 125 2334 ι
157 2294 281 2334 tanda
312 2302 400 2334 est:
447 2295 538 2334 sine
567 2309 646 2350 qua
665 2296 796 2349 ¹etiam
826 2304 898 2340 tu,
927 2297 1088 2345 Brute,
1121 2296 1382 2350 iudicavisti,

102 2375 124 2399 2
153 2370 197 2401 te
236 2361 348 2400 illam
382 2361 532 2401 iustam
577 2363 886 2417 eloquentiam,
935 2376 1059 2418 quam
1102 2363 1386 2406 Dialecticam

106 2444 126 2470 »
156 2429 367 2468 dilatatam
401 2442 494 2469 esse
525 2439 691 2483 putant,
721 2429 927 2485 consequi
955 2443 1041 2470 non
1070 2444 1195 2484 posse
1219 2447 1254 2473 ν.

105 2533 111 2538 .
161 2495 232 2549 (3)
260 2496 425 2547 Nempe
457 2500 785 2550 Pompeianam,
827 2511 902 2538 seu
929 2513 1012 2550 pro
1041 2500 1135 2551 lege
1165 2501 1386 2551 Μαηίἷία,

104 2576 231 2617 quam
259 2575 305 2602 se
333 2562 481 2616 legere
507 2563 564 2604 ait
592 2566 763 2604 Marcus
801 2565 845 2603 in
873 2564 1067 2618 Epistula
1096 2579 1133 2606 v.
1175 2566 1320 2617 (Libri
1350 2569 1385 2611 1.

104 2631 156 2671 ad
185 2630 417 2679 Marcum).
