1708 3028
661 216 766 256 SER
773 216 847 255 EN
848 217 900 258 O.
1324 217 1405 260 303

129 341 342 398 arboris
372 333 651 396 felicitas?
704 342 844 395 rami
881 338 1114 394 fecundi
1151 352 1208 394 et
1237 339 1408 413 frugi·

126 435 255 500 feri,
278 434 503 492 baciso)
530 446 586 488 et
603 428 785 507 pomis
809 433 1015 487 onusti.
1067 433 1253 486 Nemo
1280 454 1408 487 can-

127 546 263 583 nam
287 540 344 581 et
368 524 773 592 harundinem,
809 527 1066 600 quamvis
1086 545 1407 598 proceram,

125 619 347 675 felicem
369 619 592 675 dixerit.
636 621 890 692 Aequius
912 639 986 674 ne
1008 630 1092 673 est
1113 617 1406 673 arboribus

128 712 337 768 honori
358 711 542 786 adque
562 714 774 768 tutelae
795 730 965 786 poma
989 723 1047 766 et
1070 711 1234 765 bacas
1265 731 1412 775 esseff

129 815 301 881 quam
319 796 647 861 Hbminibus
681 805 888 860 liberos
913 818 1269 878 nepotesque
1293 819 1352 862 (2)
1376 800 1410 859 ⁶?

128 937 147 954 .
178 940 192 953 .
227 940 239 952 .
278 939 291 952 .
323 896 538 953 Globus
565 899 824 971 equitum
845 915 1237 962 romanorum,
1277 917 1409 970 pars

128 993 314 1047 curiae
336 993 526 1049 inuno
541 990 778 1047 homine
795 990 1222 1046 dehonestatur.
1261 990 1411 1043 Raro

126 1099 402 1157 umquam
431 1095 520 1139 tot
549 1085 716 1139 simul
750 1086 935 1156 capita
960 1083 1031 1137 de
1073 1083 1228 1138 caelo
1260 1095 1413 1136 tacta

129 1188 296 1240 sunt,
347 1187 490 1248 quot
522 1190 587 1229 tu
611 1175 1005 1228 condemnasti
1030 1217 1043 1228 .
1070 1217 1082 1229 .
1111 1214 1125 1230 .
1149 1217 1160 1229 .
1184 1175 1283 1228 Ille
1313 1176 1415 1247 qui

133 1286 276 1332 esse,
317 1286 488 1340 quam
511 1267 689 1321 videri
708 1266 1134 1331 bonus‘maluiti,
1164 1265 1411 1320 fortunis

90 1605 93 1608 ι
128 1574 228 1616 Lib.
257 1581 327 1629 47.
360 1575 445 1618 Tit.
477 1590 513 1627 ¹7.
541 1575 647 1629 Leg.
679 1589 717 1616 2.
759 1589 840 1616 nec
877 1590 963 1617 non
992 1577 1108 1617 locos
1138 1577 1297 1618 ibidem
1329 1579 1415 1618 lau-

130 1640 252 1683 datos
287 1644 331 1682 in
368 1641 492 1683 notis.
551 1643 663 1683 Sane
692 1643 847 1683 Paulus
889 1643 982 1684 Lib.
1015 1659 1053 1686 v.
1091 1646 1207 1687 Sent.
1239 1659 1306 1688 20.
1339 1646 1416 1686 ait:

138 1725 158 1749 w
189 1708 276 1768 Qui
308 1718 439 1750 noctu
467 1708 712 1750 fructiferas
741 1710 944 1760 arbores,
988 1725 1112 1751 manu
1140 1711 1275 1763 facta,
1325 1727 1417 1753 cae-

134 1791 154 1814 »
187 1774 392 1826 ciderint‚
442 1776 493 1816 ad
518 1787 684 1832 ternpus
713 1777 951 1832 plerunque
987 1777 1029 1816 in
1067 1792 1171 1832 opus
1200 1780 1417 1833 publicum

134 1859 155 1881 2>
188 1841 464 1893 damnantur,
509 1853 577 1884 aut
614 1843 880 1884 honestiores
922 1844 1119 1884 damnum
1156 1848 1317 1887 sarcire
1347 1861 1416 1888 co-

132 1923 155 1950 »
185 1918 359 1963 geritur,
387 1910 459 1951 vel
488 1911 607 1950 curia
636 1909 969 1962 submoventur,
1011 1913 1080 1952 vel
1108 1914 1358 1968 relegantur
1382 1934 1417 1955 υ.

188 1992 264 2046 (ι)
322 1993 431 2032 Nota
496 2002 661 2036 rectam
732 1993 987 2047 scripturam
1051 1996 1247 2037 vocabuli
1309 2000 1417 2040 baca

131 2071 225 2098 cum
265 2073 347 2099 una
386 2058 530 2099 littera
570 2078 592 2102 c
627 2061 698 2101 hic
735 2069 779 2101 et
807 2059 1010 2112 inferius,
1067 2071 1111 2103 et
1142 2063 1292 2105 confer
1322 2067 1416 2107 Cel-

128 2124 207 2166 lar.
255 2125 546 2182 Orthograph.
577 2142 618 2182 p.
646 2141 716 2182 7⁰·

185 2209 254 2263 (α)
287 2209 401 2251 Hinc
443 2222 493 2249 ea
532 2210 758 2264 privilegia
803 2219 846 2251 et
872 2211 1149 2253 multimodae
1188 2215 1413 2266 utilitates,

99 2277 239 2331 'quae
279 2276 463 2319 romanis
502 2278 663 2318 civibus
704 2277 991 2318 obveniehant
1029 2279 1126 2320 iure
1170 2281 1415 2324 liberorum.

130 2342 415 2385 Decurio·ex.
445 2356 510 2398 gr.
540 2345 614 2398 qui
643 2344 787 2399 plures
818 2344 976 2385 liberos
1006 2345 1213 2397 habebat,
1264 2350 1308 2388 in
1341 2365 1416 2390 suo

130 2409 316 2463 collegio
355 2410 515 2465 primus
552 2412 807 2452 sententiam
850 2413 1107 2466 rogabatur,
1160 2424 1416 2472 ceterosque

131 2473 308 2516 honoris
335 2477 485 2517 ordine
522 2479 823 2532 praecellebat.
879 2479 994 2522 Vide
1022 2481 1186 2535 Digest.
1217 2482 1312 2523 Lib.
1344 2486 1412 2526 50.

132 2542 216 2585 Tit.
246 2557 285 2588 2.
316 2544 418 2598 neg
454 2545 492 2587 ο,
523 2544 566 2587 ff.
596 2547 638 2587 5.
681 2545 793 2589 vide
824 2554 866 2587 et
895 2547 979 2591 rit.
1014 2536 1054 2590 6.
1088 2548 1193 2602 Leg.
1224 2551 1250 2591 5
1294 2548 1342 2591 ff.
1373 2566 1414 2598 2,
