1664 3074
24 1078 133 1106 Gellius
158 1089 209 1106 xix.
240 1089 281 1109 ιο.

305 269 386 318 460
712 271 1157 313 DISPUTATIONES

294 388 562 428 rarissimum
589 389 818 439 videbatur,
846 392 1075 431 invenimus
1102 392 1354 447 quadr-lgm
1374 405 1547 432 numero
1575 420 1579 426 -

303 454 499 506 singulari
539 454 709 504 dictam,
754 456 795 494 in
827 456 936 494 libro
976 465 1204 508 satyrarum
1231 458 1284 497 Μ.
1327 458 1546 507 Varronis,
1580 458 1587 464 ⁸

303 519 373 573 qui
415 519 635 573 inscriptus
675 530 736 560 est
775 524 1109 563 Exdenzecrims.
1175 525 1373 563 Harenas
1411 531 1548 562 autem
1582 539 1586 544 ·

288 582 564 635 ’πληθυνῖικῶς
605 585 737 639 dictas·
781 587 943 626 minore
978 588 1111 626 studio
1148 586 1404 641 quaerimus:
1453 587 1549 640 quia

300 658 472 703 praeter
514 651 561 691 C.
603 652 851 700 Caesarem,
895 651 1006 706 quod
1043 653 1235 704 equidem
1264 651 1548 702 meminerim,

299 725 423 755 nemo
450 715 494 754 id
523 715 739 756 doctorum
767 717 976 756 hominum
1003 717 1132 759 dedit.

299 891 446 932 Verba
473 899 642 944 praeter
660 899 849 945 propter,
880 895 922 932 in
953 907 1027 932 usu
1051 894 1174 945 vulgi
1199 893 1390 945 prodita,
1420 896 1547 934 etiam

349 958 485 998 Ennii
498 954 660 1013 fuisse.

351 1056 565 1140 Mamm
614 1110 680 1136 me
729 1097 933 1154 quondam
986 1107 1029 1138 et·
1079 1099 1290 1139 Celsinum
1341 1097 1546 1138 Iulianum

294 1163 518 1205 Numidam
556 1167 607 1206 ad
654 1168 909 1210 Frontonem
961 1169 1222 1219 Cornelium,
1247 1199 1249 1201 .
1273 1168 1404 1223 pedes
1449 1176 1545 1207 tunc

293 1231 478 1282 graviter
507 1246 691 1285 aegrum,
721 1234 784 1273 ire
803 1244 845 1274 et
871 1237 1032 1277 visere:
1061 1245 1184 1289 atque
1214 1235 1284 1275 ihi,
1320 1235 1389 1289 qui
1414 1234 1545 1281 intro-

294 1293 408 1334 ducti
438 1310 598 1347 sumus,
642 1298 892 1340 offendimus
925 1317 1019 1342 eum
1057 1301 1279 1340 cubantem·
1297 1300 1340 1339 in
1369 1299 1544 1352 scimpo-

294 1359 365 1399 dio
404 1363 658 1417 graeciensi‚
706 1365 861 1404 circum
908 1368 1090 1421 undique
1129 1366 1370 1406 sedentibus
1405 1364 1544 1405 multis

294 1425 484 1466 doctrina
522 1438 590 1469 aut
640 1442 795 1481 genere
845 1441 912 1471 aut
960 1431 1126 1472 fortuna
1172 1430 1378 1471 nobilibus
1427 1428 1541 1469 viris.

292 1490 554 1532 Assistebam
591 1493 701 1534 fabri
751 1496 914 1536 aedium
954 1498 1190 1550 complures
1226 1496 1387 1535 balneis
1422 1494 1544 1534 novis

245 1557 250 1561 ⁴
293 1557 516 1597 moliendis
566 1559 775 1602 ‚adhibitiz
845 1563 1198 1616 ostendebantque
1257 1561 1440 1613 depictas
1501 1561 1545 1597 in

293 1623 591 1664 membranulis
629 1626 766 1666 varias
805 1629 968 1680 species
997 1628 1249 1667 balnearum.
1304 1627 1368 1666 Ex
1397 1624 1546 1678 quibus

296 1702 423 1742 quum
457 1691 651 1743 elegisset
680 1706 801 1731 unam
829 1693 1004 1733 formam
1033 1695 1298 1747 speciemque
1326 1692 1459 1732 veris:
1484 1690 1546 1728 in-

293 1756 546 1808 terrogavit,
592 1767 764 1810 quantus
801 1769 909 1798 esset
945 1759 1146 1813 pecuniae
1185 1765 1455 1811 conspectus,
1494 1754 1546 1794 ad

292 1819 338 1858 id
366 1830 502 1862 ratum
532 1835 637 1875 opus
675 1824 983 1866 absolvendum.
1042 1826 1265 1883 Quumque
1298 1821 1547 1863 architectus

293 1884 488 1935 dixisset,
538 1890 770 1929 necessaria
798 1891 935 1932 videri
962 1905 1050 1931 esse
1079 1889 1272 1930 sestertia
1298 1887 1432 1927 ferme
1458 1895 1544 1926 tre-

293 1960 429 1990 centaz
457 1966 558 1992 unus
587 1967 638 1993 ex
667 1955 806 1995 amicis
835 1957 1075 2006 Frontonis,
1101 1966 1144 1996 et
1171 1962 1342 2009 praeter
1366 1960 1543 2005 propter
1584 1959 1587 1962 ’

289 2016 444 2069 inquit,
498 2019 576 2056 alia
611 2020 917 2074 quinquaginta.
975 2025 1078 2061 Tum
1107 2023 1267 2060 Fronto
1290 2018 1426 2058 dilatis
1455 2029 1541 2055 ser-

291 2082 507 2130 monibus,
557 2097 657 2136 quos
701 2085 854 2125 habere
905 2087 959 2126 de
1008 2087 1250 2125 balnearum
1297 2092 1431 2123 sumtu
1481 2081 1541 2119 in-

293 2146 476 2195 stiterat,
530 2149 733 2201 aspiciens
778 2151 829 2190 ad
870 2165 963 2191 eum
1017 2151 1214 2201 amicum,
1265 2149 1334 2203 qui
1379 2148 1542 2186 dixerat

293 2212 585 2266 quinquaginta
624 2227 716 2255 esse
758 2216 835 2255 alia
870 2230 972 2270 opus
1002 2224 1172 2269 praeter
1198 2223 1400 2268 propter,
1442 2212 1542 2266 quid

290 2276 372 2315 hoc
401 2278 520 2317 verbi
549 2289 673 2331 esset,
701 2291 876 2339 ercer
895 2293 1072 2335 propter
1092 2280 1376 2332 interrogavit.
1404 2279 1542 2331 Atque

290 2342 364 2382 ille
392 2344 568 2396 amicus,
619 2347 711 2385 Non
739 2361 898 2396 meum,
936 2347 1094 2401 inquit,
1132 2346 1214 2385 hoc
1242 2344 1417 2383 verbum
1436 2343 1438 2347 ’
1455 2353 1541 2392 est,

292 2407 368 2446 sed
406 2409 631 2449 multorum
665 2412 896 2461 hominum,
940 2426 1044 2466 quos
1071 2412 1288 2466 loquentes
1314 2409 1358 2448 id
1385 2408 1537 2448 audias.
1584 2422 1587 2425 ·

293 2472 570 2529 Quidautem
601 2475 644 2514 id
671 2477 843 2518 verbum
873 2477 1101 2533 significet,
1142 2490 1226 2515 non
1253 2488 1304 2514 ex
1337 2487 1427 2524 me,
1464 2474 1539 2513 sed

297 2550 350 2575 ex
390 2541 657 2591 grammatico
690 2541 974 2596 quaerendum
1015 2549 1098 2580 est:
1152 2552 1200 2579 ac
1249 2541 1369 2585 simul
1408 2538 1539 2592 digito

1560 735 1572 745 .

1593 747 1616 769 v.
