1702 3060
1270 230 1290 242 a

547 289 962 333 meroe-mn.
1332 294 1412 346 359

121 418 427 483 adiuverit.
505 415 620 472 Ubi
659 417 910 489 primum
949 416 1148 470 Frater
1186 430 1319 470 tuus
1353 431 1411 474 (ι)

133 511 602 566 commentarium
639 510 879 572 miserit,
946 528 1067 562 rem
1109 507 1409 581 co-(piose)

131 605 372 659 seribere
436 599 823 672 adgrediemur
844 644 857 665 ‚
946 602 989 654 si
1045 615 1239 655 tamen
1302 599 1412 653 hoe

133 695 285 769 quod
302 695 504 768 gustui
541 693 817 746 mittimus
845 711 966 745 non
993 690 1312 766 displicebit
1334 706 1407 750 (ε),

131 828 373 845 .....
417 786 626 838 Tantas
659 805 746 839 res
784 804 814 837 a
843 797 899 838 te
924 797 1131 856 gestem,
1174 799 1411 857 quantas

132 893 188 934 et
208 878 454 933 Achilles
484 878 706 950 gessisse
736 891 998 950 cuperet,
1039 890 1097 930 et
1125 878 1408 932 Homerus

132 971 412 1026 scribsisse
447 1013 458 1024 .
493 1012 505 1024 .
534 1013 546 1024 .
576 1013 587 1024 .
615 969 1067 1025 laborationibus
1089 983 1144 1028 (ὃ)
1164 1013 1175 1024 .
1206 1011 1217 1023 .
1244 1012 1256 1025 .
1283 1011 1295 1023 .
1324 969 1409 1023 his

108 1082 146 1117 ¹.
190 1105 202 1116 .
248 1105 259 1117 .
296 1104 315 1116 ..
360 1105 372 1115 .
416 1061 671 1132 (rursus)
703 1081 901 1115 vereor
930 1081 1001 1115 ne
1034 1061 1260 1135 quando
1295 1062 1411 1135 (ta-

133 1175 232 1208 ceo
253 1156 315 1207 in
342 1152 693 1224 solifundiis)
726 1195 965 1208 ......
965 1176 993 1209 c
996 1153 1325 1210 oncentibus
1354 1166 1412 1210 et

128 1245 310 1301 modis
341 1245 622 1300 absonum
656 1244 793 1318 quid
823 1245 1122 1300 modulatu
1154 1250 1210 1300 et
1237 1257 1412 1300 cantu

60 1398 62 1400 ,
130 1339 432 1392 cecinerim
474 1378 711 1391 .....

208 1434 539 1504 Comparata
588 1430 761 1502 siquis
821 1428 974 1500 leget.
995 1473 1008 1493 ‚
1084 1449 1181 1484 seu
1248 1431 1413 1483 Proa-

131 1544 234 1578 vus
252 1538 310 1583 (4)
351 1542 449 1577 seu
475 1522 851 1596 Ρῐοη61)05(5)
886 1524 1095 1577 virtute
1128 1535 1414 1596 praestare

190 1748 262 1801 (ι)
293 1747 407 1788 Hinc
444 1753 648 1800 apparet,
700 1760 722 1786 a
753 1747 970 1786 Frontone
998 1745 1080 1786 hoc
1109 1747 1230 1800 Opus
1256 1747 1413 1788 PRIN-

137 1815 284 1856 CIPIA
307 1813 620 1855 HISTORIAE
647 1814 851 1867 scriptum
870 1811 1000 1852 fuisse
1028 1812 1080 1852 ad
1104 1814 1168 1851 M-
1192 1813 1414 1853 Aurelium

134 1882 407 1922 Antoninum.
487 1881 544 1918 Et
595 1879 649 1919 (le
701 1880 1004 1919 commentario
1056 1879 1230 1935 quidem
1288 1894 1414 1936 quem

134 1949 294 1988 Fronto
325 1947 406 1987 sibi
446 1962 468 1987 a
512 1948 628 1989 Vero
662 1946 911 1986 mittendum
950 1947 1222 2001 expectabat,
1266 1947 1416 1988 recole

102 2066 104 2069 ι
131 2014 370 2070 Epistulam
399 2027 468 2055 vn.
498 2013 619 2052 Libri
647 2014 678 2057 1.
711 2013 763 2054 ad
791 2016 970 2058 Verum.

191 2082 259 2134 (ρ.)
289 2082 457 2121 Interea
493 2078 593 2118 dum
628 2079 720 2133 ipsa
749 2082 938 2121 Historia
965 2081 1155 2122 Parthici
1184 2081 1289 2122 belli
1317 2095 1413 2122 con-

131 2147 358 2197 ficeretur,
401 2147 515 2186 misit
542 2147 703 2186 Fronto
731 2147 814 2188 hoc
842 2148 1150 2188 nobilissimum
1178 2149 1415 2203 Scriptum,

135 2223 183 2256 ut
223 2223 335 2255 esset
372 2213 506 2254 instar
546 2214 689 2267 gustfis
729 2215 947 2270 amplioris
978 2217 1180 2256 materiae
1212 2215 1417 2268 deinceps

139 2281 411 2326 exhibendae,
440 2280 527 2320 Sed
556 2282 666 2320 enim
698 2282 788 2322 eius
819 2283 1015 2335 promissi
1044 2282 1203 2336 Operis
1235 2284 1268 2322 F
1272 2291 1418 2322 ronto-

137 2349 249 2388 niani
269 2349 434 2388 nullum
464 2348 686 2401 vestigium
716 2349 760 2388 in
791 2350 950 2389 Codice
978 2341 1264 2403 deprehendi.

194 2416 260 2467 (3)
291 2417 399 2462 Nota
417 2415 614 2456 vocabula
627 2415 845 2457 laboratio
861 2425 902 2455 et
922 2415 1099 2456 inferius
1111 2414 1395 2475 solq'fundium
1410 2430 1420 2454 ε

140 2482 218 2522 nisi
247 2481 362 2521 forte
391 2482 576 2522 secundo
605 2482 646 2521 in
675 2482 770 2522 loco
799 2483 1025 2538 legendum
1051 2492 1114 2523 est
1139 2485 1222 2524 soli
1230 2479 1418 2539 fundus·

197 2549 265 2599 (Δ)
301 2547 520 2587 Traianus.

198 2614 264 2668 (5)
296 2615 341 2653 L.
372 2615 521 2658 Verus.
