1664 3074
300 248 380 302 376
818 250 1072 293 ARION.

304 371 642 443 populorum
663 370 910 449 florere,
950 374 1011 428 in
1040 373 1315 450 pretioque
1347 395 1460 431 esse
1492 378 1563 431 ci-

313 472 484 531 thara
499 485 738 528 cantare.
784 475 970 548 Quare
984 475 1190 528 diutius
1202 496 1386 536 amore
1398 492 1566 551 atque

312 576 466 630 lucro
496 590 552 629 et
579 576 836 629 laudibus
868 580 1106 632 retineri.
1160 579 1301 633 Cum
1327 578 1464 632 haec
1488 581 1567 632 ita

313 677 602 740 dicerent,
628 678 803 739 Arion
839 680 1058 751 inrupit
1093 679 1174 732 ita
1208 693 1268 734 ut
1301 677 1567 751 ddphino

313 793 497 834 vectus
543 793 672 835 ante
726 802 912 854 regem
949 793 1201 844 steterat,
1251 801 1379 835 cum
1423 790 1570 834 veste

314 897 448 932 auro
475 882 693 934 intexta
727 896 782 935 et
808 882 1020 937 cithara
1045 885 1265 954 insigni.
1338 880 1571 935 Praedo-

317 999 418 1034 nes
441 984 679 1054 inopino
700 985 824 1038 visu
844 984 1066 1038 Arionis
1087 983 1280 1037 terreri
1291 1024 1309 1048 ,
1349 1001 1474 1036 cum
1513 989 1569 1034 (ι)

318 1101 503 1152 neque
545 1085 846 1155 quicquam
883 1099 1012 1157 post
1057 1085 1150 1137 illa
1196 1102 1420 1155 negare,
1469 1097 1567 1136 aut

320 1201 440 1236 non
501 1184 726 1239 credere
776 1199 873 1239 aut
923 1186 1206 1258 deprecari
1254 1186 1371 1238 ausi
1421 1197 1568 1237 sunt.

320 1284 591 1356 Delphini
630 1286 842 1339 facinus
891 1301 1078 1342 statua
1127 1287 1203 1341 ad
1262 1290 1573 1341 Taenarum

322 1385 611 1440 conlocata
637 1401 885 1442 testatur.
944 1390 1168 1443 Etenim
1205 1389 1423 1450 visitur,
1463 1386 1573 1439 del-

320 1485 499 1558 phino
564 1489 811 1542 residens
876 1489 1071 1552 home,
1141 1509 1310 1561 parva
1373 1485 1578 1558 figura,

324 1586 534 1659 (atque
574 1588 678 1663 ut)
715 1591 790 1644 sit
822 1602 1152 1660 argumento
1170 1591 1372 1661 magis,
1411 1585 1578 1660 quam

326 1691 616 1744 simulacro
655 1693 979 1764 composita.

705 1841 800 1893 ’Μ’
858 1841 1205 1893 FRONTole

807 1985 846 2027 A
873 1987 910 2025 R
939 1984 958 2022 I
989 1985 1029 2026 Ο
1055 1986 1095 2024 N

838 2113 1079 2186 explicit.

647 2260 753 2314 Legi
784 2257 999 2301 emendavi
1027 2258 1098 2314 qui
1128 2271 1264 2311 supra.

396 2532 463 2584 (ι)
491 2532 554 2571 lta
593 2530 696 2574 cod.
737 2547 851 2581 cum,
897 2528 1096 2570 videlieet
1131 2540 1212 2581 pro
1240 2528 1355 2583 quod
1383 2519 1450 2568 vel
1477 2534 1579 2566 cum.
