1708 3028
635 206 870 250 SERENO.
1310 207 1386 248 301

119 333 386 407 asse(qui)
415 352 531 387 non
561 333 779 393 insitus.
842 329 1000 406 Quid
1033 329 1187 403 quod
1214 330 1393 403 Impe-

118 441 331 482 ratores
364 426 546 480 nostri
572 441 631 486 (ι)
662 427 724 479 in
761 423 961 478 Isidori
985 424 1192 497 Lysiae
1225 441 1394 476 causa

116 520 198 573 ita
218 520 641 572 constituerunt
675 555 1078 571 ..........
1093 528 1193 568 aut
1218 556 1392 568 .....

65 679 72 688 ⁸
117 630 193 664 an
222 610 426 683 legatio
450 652 462 664 .
491 652 503 664 .
530 651 542 664 .
567 651 578 663 .
608 607 874 680 (Vi)deres
899 649 1069 662 .....
1097 606 1179 661 dis
1211 649 1223 660 .
1259 647 1272 660 .
1300 648 1312 660 .
1340 649 1352 660 .
1381 638 1394 660 .-·

116 704 423 776 pecuniam
447 702 730 765 intulerit,
770 701 969 754 munia
998 698 1211 754 fecerit.
1263 699 1410 752 Post.

118 796 226 848 ista
275 794 426 847 ultro
477 793 733 865 citroque
790 811 822 845 a
859 811 953 846 me
991 805 1186 865 rogata
1225 804 1398 864 atque

117 904 415 959 responsa,
457 904 650 938 nonne
670 886 839 938 etiam
863 884 1276 958 praeiudicium
1303 925 1317 937 .
1344 925 1357 938 .
1384 924 1396 937 .

116 975 358 1032 Delatus
398 991 482 1032 est
511 977 848 1033 Volumnius
891 978 1050 1049 quasi
1088 978 1150 1029 in
1187 979 1401 1030 curiam

118 1073 491 1143 inrumperet,
523 1089 654 1123 cum
676 1071 793 1122 eius
808 1068 1189 1122 introeundae
1213 1071 1402 1123 curiae

113 1181 242 1223 ¹non
284 1163 453 1226 essetf,
492 1175 560 1215 ut
596 1162 838 1234 relegato
868 1174 952 1220 (²):
1014 1160 1169 1235 quod
1210 1181 1403 1234 neque

122 1266 255 1307 ante
307 1253 543 1306 exilium
587 1271 692 1326 pro
745 1251 1122 1307 decurionatu
1167 1250 1403 1307 omnem

118 1347 452 1419 pecuniam,
502 1364 689 1416 neque
723 1346 896 1398 ullam
930 1347 1212 1419 posterius
1252 1347 1404 1399 intu-

119 1437 288 1491 lisset.
331 1434 496 1510 Quae
527 1454 658 1487 cum
685 1435 1021 1508 longissimis
1052 1437 1415 1510 temporibus

122 1527 310 1583 forent
327 1538 608 1602 perorata,
638 1529 856 1583 Lollius
875 1526 1126 1584 Urbicus
1143 1549 1202 1594 (3)
1237 1551 1406 1586 causa

180 1757 246 1812 (ι)
274 1758 440 1813 Nempe
481 1757 580 1800 Divi
620 1758 796 1799 Fratres
825 1760 996 1801 Marcus
1028 1769 1071 1802 et
1098 1762 1279 1813 Lucius,
1334 1763 1408 1817 qui

122 1825 251 1879 primi
286 1825 546 1865 coniunctim
575 1825 908 1879 imperaverunt.
967 1827 1022 1867 Et
1049 1827 1148 1869 hinc
1180 1830 1303 1870 etiam
1334 1843 1407 1885 ap-

122 1899 274 1946 paret,
315 1891 422 1931 hanc
464 1892 712 1933 Orationem
751 1893 952 1946 scriptam
990 1909 1083 1936 esse
1118 1905 1216 1952 post
1242 1896 1409 1937 obitum

122 1957 213 2008 Pii,
250 1957 407 1997 nedum
449 1967 545 1998 ante
587 1960 678 1998 eius
714 1959 953 2013 imperium.
1009 1963 1145 2003 Porro
1174 1963 1274 2003 Divi
1305 1965 1408 2004 Fra-

123 2033 214 2064 tres
244 2024 371 2064 multa
388 2024 441 2065 de
453 2026 766 2068 Decurionibus
782 2027 1113 2082 rescripserunt.
1145 2030 1258 2075 Vide
1276 2046 1315 2073 v.
1337 2044 1403 2088 gr.

122 2090 284 2146 Digest.
318 2092 407 2133 Lib·
435 2095 503 2133 50.
538 2093 620 2134 Tit.
650 2108 690 2135 2.
727 2094 830 2148 Leg.
864 2096 928 2138 13.

179 2174 249 2230 (2)
278 2174 466 2230 Nempe,
506 2191 598 2216 cum
631 2180 782 2218 curiae
814 2179 1100 2221 introeundae
1122 2195 1206 2221 non
1235 2192 1345 2225 essee
1368 2186 1407 2225 ei

111 2238 332 2298 facultas,
356 2257 402 2283 uc
417 2243 624 2296 relegato.
657 2245 768 2283 Nota
780 2252 843 2283 est
858 2244 918 2285 vis
942 2247 1014 2287 τοῦ
1036 2257 1100 2287 esc
1110 2260 1193 2300 pro
1210 2249 1315 2290 licet
1329 2263 1408 2290 seu

113 2305 318 2364 facultas
336 2319 413 2354 esc.
447 2311 639 2351 Iamvero
654 2310 707 2350 de
719 2311 1034 2352 Decurionibus
1051 2313 1256 2368 relegatis
1281 2325 1325 2356 et
1338 2330 1408 2357 re-

125 2373 278 2424 stitutis
301 2374 410 2425 vide,
438 2376 481 2417 sir
497 2378 660 2436 placen
679 2377 845 2431 Digest.
870 2379 965 2419 Lib.
982 2382 1051 2422 50.
1074 2381 1159 2421 Tit.
1187 2396 1225 2424 2.
1245 2383 1351 2438 Leg.
1366 2397 1405 2426 2.

182 2450 437 2511 (31190111122
476 2460 660 2502 Urbicus
707 2461 837 2514 legati
880 2476 1058 2504 munere
1097 2463 1278 2518 fungens
1314 2467 1410 2507 Bri-

127 2530 275 2577 tannos
312 2525 439 2578 vicit,
495 2527 576 2568 Pio
617 2528 868 2583 imperante.
940 2531 994 2577 V.
1037 2531 1322 2586 Capitolinum
1363 2534 1408 2574 in
