1664 3074
320 271 402 324 475
698 233 774 313 132:
802 274 1197 315 DIFFERENrns

321 375 525 414 secundos
546 389 658 417 casus
680 387 965 431 praeparatur.
993 377 1256 418 Praesidium
1274 376 1326 416 ad
1343 375 1571 418 custodiam

320 446 571 488 collocaturz
611 448 822 489 Auxilium
862 458 908 489 ut
947 450 1079 502 prosit
1119 463 1169 487 ex
1207 447 1419 501 insperato
1446 446 1571 487 venit.

373 517 646 576 Distrahere,
678 527 720 558 ct
747 519 985 568 deducere,
1019 527 1062 557 et
1086 517 1301 558 divellere.
1330 514 1575 556 Distrahcre

320 601 342 626 a
373 588 590 631 trahendo.
641 590 865 630 Deducere
895 605 917 629 a
942 590 1146 631 ducendo,
1191 588 1408 629 Divellere
1437 601 1459 626 a
1485 585 1623 661 velffffi

320 657 464 702 lendo.
1538 649 1602 695 {tr—
1621 662 1624 700 ἴ

372 731 660 784 Corruptelam
691 741 732 772 et
761 732 1084 785 corruptionem.
1114 729 1365 783 Corruptela
1395 727 1486 782 ipsa
1506 739 1575 765 res

320 809 408 839 est:
436 802 661 854 Corruptio
691 802 999 855 corrumpentis
1028 799 1336 841 administratio.

377 872 602 910 Caerulum
621 881 663 911 et
683 874 931 914 caeruleum.
953 872 1156 911 Caerulus
1171 879 1345 910 naturae
1363 868 1482 910 color
1500 875 1574 908 est.

321 941 552 982 Caeruleus
580 951 771 982 naturam
799 942 930 996 fingit.
975 944 1037 982 Ita
1066 943 1244 981 alterum
1276 949 1361 991 est3
1398 939 1575 979 alterum

320 1010 381 1052 fit.

374 1083 615 1136 Properare
647 1093 688 1123 et
715 1075 928 1127 festinare,
972 1083 1058 1142 Qui
1086 1084 1317 1136 Prqner‘at,
1345 1087 1466 1134 paret
1492 1090 1578 1117 non

323 1165 416 1192 esse
456 1152 604 1198 fessus,
646 1155 729 1213 Qui
759 1155 969 1203 Festinat,
997 1153 1166 1194 videtur
1194 1166 1288 1192 esse
1316 1149 1576 1203 defatigatus.

377 1224 524 1263 Polire
554 1233 596 1264 et
617 1239 787 1267 novare.
818 1226 1002 1274 Polimus
1021 1224 1156 1264 rudia.
1188 1227 1403 1264 Novamus
1417 1229 1574 1262 vetera.

368 1294 567 1334 Nobilem
615 1304 658 1334 et
708 1309 970 1348 generosum.
1016 1295 1208 1335 Nobilem
1242 1292 1460 1333 nobilitate
1500 1303 1569 1330 re-

316 1378 423 1404 rum.
465 1365 706 1405 Generosus
745 1366 817 1419 qui
856 1367 1019 1406 Graece
1050 1361 1202 1421 εὐγενὴς
1230 1364 1478 1418 appellatur.
1509 1364 1574 1402 Ita

315 1434 424 1476 alter
455 1449 507 1475 ex
539 1449 612 1487 reg
641 1437 746 1476 alter
776 1450 827 1475 ex
855 1437 1101 1490 cognatione
1133 1443 1207 1476 est.

378 1506 601 1544 Nationem
630 1514 673 1546 et
704 1507 897 1546 Gentem.
934 1506 1055 1545 Natio
1087 1505 1218 1545 solu-m
1244 1505 1422 1558 patrium
1451 1516 1577 1557 quae·

319 1576 397 1615 rit:
428 1577 541 1616 Gcns
572 1577 727 1616 seriem
755 1578 955 1616 maiorem

376 1647 563 1699 Praepar
567 1661 638 1686 are
660 1657 703 1687 et
723 1660 982 1701 comparare.
1012 1648 1274 1700 Praeparare
1293 1647 1427 1700 prius:
1455 1642 1576 1686 Com-

319 1730 495 1771 parare,
524 1719 707 1772 undique
735 1732 898 1772 parare.

373 1789 542 1827 Guttam
570 1798 612 1828 et
640 1789 813 1829 Stillam.
847 1790 972 1829 Gutta
1001 1796 1160 1827 manet:
1187 1750 1306 1826 Stilla
1335 1786 1461 1826 cadit.

376 1860 616 1900 Convenire
656 1868 699 1899 et
740 1859 869 1899 coire
914 1858 1117 1900 Convenit
1154 1857 1199 1897 in
1234 1870 1380 1896 unum:
1409 1857 1505 1897 Coit
1532 1857 1573 1896 in

317 1929 486 1972 multos.

373 2000 570 2048 Causam,
600 2009 642 2039 et
669 2000 946 2053 patrocinium
975 2000 1018 2038 et
1058 1999 1305 2039 orationem.
1344 1999 1473 2038 Causa
1511 2006 1572 2036 est

317 2068 371 2107 de
413 2082 492 2123 qua
533 2070 690 2122 agitur:
733 2070 1014 2110 Patrocinium
1054 2069 1168 2124 quod
1211 2067 1572 2108 adcommodatur:

320 2140 469 2180 Oratio
499 2154 604 2194 quae
632 2141 829 2195 loquitur.

375 2211 622 2263 Superbiam
654 2219 697 2250 et
725 2211 1013 2264 arrogantiam.
1050 2209 1256 2262 Superbia
1285 2217 1349 2248 est
1379 2223 1402 2247 a
1425 2222 1572 2262 super-

318 2281 523 2322 habendo.
581 2282 832 2334 Arrogantia
860 2281 982 2321 etiam
1011 2281 1051 2319 in
1080 2293 1310 2333 pauperem
1341 2279 1464 2338 cadit.
1485 2313 1512 2355 ⁶

378 2353 566 2391 Ser-utari
590 2360 632 2391 et
658 2365 878 2406 quaerere.
920 2353 1138 2391 Scrutatur
1164 2354 1207 2389 in
1236 2358 1279 2388 te
1309 2349 1383 2389 ille
1412 2349 1483 2404 qui
1510 2348 1571 2388 in-

318 2423 490 2480 tercipit
525 2423 661 2477 aliqua
696 2432 872 2462 secreta.
914 2423 1132 2479 Quaerere
1156 2420 1236 2460 <luo
1260 2418 1475 2472 significem
1502 2421 1571 2460 vel

319 2493 433 2547 quod
462 2494 601 2542 abest,
629 2493 698 2533 vel
726 2493 838 2547 quod
866 2493 918 2532 ad
946 2492 1238 2546 patrimonium
1266 2488 1465 2544 pertinet.

372 2564 568 2603 Annuere
609 2573 652 2604 et
680 2565 866 2603 innuere.
907 2563 1043 2602 Innuit
1082 2563 1149 2602 vel
1190 2562 1352 2614 capite,
1401 2561 1468 2600 vel
1506 2573 1569 2600 su·-

317 2634 496 2689 percilio
538 2636 694 2675 Annuit
721 2635 771 2675 ad
802 2633 917 2690 quod
947 2634 1114 2683 dictum,
1142 2634 1211 2676 vel
1238 2632 1389 2672 factum
1415 2639 1492 2671 est.
