1708 3028
0 2921 27 3028 mesti
0 2899 10 2908 ³

596 200 603 221 l

638 266 926 308 LIBER
981 267 1014 306 1.
1261 255 1264 259 ’
1391 263 1472 318 239

184 401 239 448 τὶ
297 400 359 446 τὸ
419 400 640 467 πρῶτον,
708 396 762 443 τὶ
815 395 878 442 τὸ
926 389 1160 457 δεύτερον
1199 379 1299 442 dili
1336 389 1529 457 mul-g..

182 503 423 562 tumque
461 487 782 542 numerari:
837 490 880 535 εἰ
931 486 1091 552 ἡμέρα
1134 486 1309 545 ἐστὶν,
1376 489 1473 539 πῶς

183 589 328 634 ἐστιν
357 598 415 645 (ι)
447 580 706 639 fenestris
745 577 1079 653 patentibus
1118 575 1363 630 laborari
1396 590 1471 636 (α).

159 674 431 729 'Securus
450 672 584 726 inde
606 671 769 725 abeas
784 713 797 735 ‚
838 672 931 723 cui
953 668 1099 724 nihil
1123 687 1228 742 per
1248 681 1476 732 noctem

647 856 878 922 ndum,
932 855 1079 910 nihil
1108 854 1176 909 de
1202 855 1478 908 memoria

184 765 515 823 meditanda
660 778 728 819 ut
766 761 1274 824 conscribendum,
1333 759 1477 814 nihil

185 861 454 932 magistro
488 786 665 934 rU

181 950 706 1028 pronuntiandum,
747 948 930 1022 null(a
961 948 1290 1018 verborum)
1318 946 1479 1001 inda-

183 1047 352 1119 gatiO,
384 1040 595 1101 nullius
617 1044 927 1119 synonymi
948 1055 1200 1106 ornatus,
1236 1039 1380 1095 nihil
1409 1039 1478 1094 de

189 1155 384 1209 graeco
407 1139 470 1190 in
493 1148 751 1189 nostram
775 1135 1027 1206 linguam
1060 1132 1329 1207 (pariter)
1353 1128 1479 1187 'ver-

186 1228 428 1282 tendum
441 1238 513 1286 (3).
556 1229 623 1282 In
649 1246 743 1280 eos
766 1246 998 1299 quoque
1021 1245 1182 1280 meus
1206 1227 1480 1297 Magister

187 1456 451 1512 Capitolinus
479 1455 523 1495 in
555 1458 715 1498 Marco
747 1470 789 1509 p.
823 1455 889 1497 33.
918 1456 971 1495 B.
1005 1454 1072 1494 Ad
1094 1455 1269 1495 Sextum
1292 1456 1480 1497 Chaero-

185 1538 362 1564 nensem
391 1524 493 1563 item
519 1524 712 1563 Stoicum
749 1531 895 1562 narrat
918 1522 1198 1564 Philostratus
1227 1523 1271 1562 in
1300 1527 1482 1566 Herode

186 1607 244 1632 1x.
273 1593 339 1630 Ex
362 1591 444 1632 hoc
466 1601 604 1631 autem
627 1592 722 1631 loco
744 1591 971 1629 Frontonis
990 1591 1164 1641 eruitur,
1185 1592 1376 1632 Marcum
1397 1592 1481 1632 illis

187 1659 370 1703 obscura
397 1674 496 1699 suae
516 1669 655 1699 sectae
671 1658 829 1712 scripta
847 1649 1195 1722 prffelegentibus
1209 1658 1479 1709 dormitasse.

241 1728 310 1782 (ι)
351 1727 418 1767 De
460 1727 703 1768 Stoicorum
754 1725 1178 1778 interrogatiunculis
1219 1727 1281 1767 sic
1324 1728 1482 1768 Cicero

186 1796 230 1835 in
259 1795 476 1848 prohoem.
522 1796 690 1838 Par-ad,
751 1811 771 1831 ι»
795 1794 845 1831 In
885 1791 1133 1838 eahaeresi
1175 1794 1481 1850 (Stoicorum)

147 1894 149 1896 ,
190 1879 211 1903 »
245 1875 351 1916 quae
383 1861 552 1900 minutis
587 1858 1028 1913 interrogatiunculis,
1081 1870 1126 1900 et
1154 1862 1271 1915 quasi
1299 1862 1481 1916 punctis,

191 1945 211 1969 »
243 1929 355 1983 quod
377 1928 614 1983 proposuit,
646 1927 827 1969 efficit».
857 1927 1021 1967 Recole
1041 1929 1167 1967 etiam
1188 1929 1241 1968 ad
1255 1931 1426 1983 Fragm.
1450 1931 1481 1971 Ι.

186 2010 230 2050 p.
261 2009 356 2050 2¹9-
390 2011 431 2036 n.
468 2009 514 2036 2,
779 1996 781 1999 ’

244 2063 312 2115 (a)
345 2062 486 2102 Innuit
525 2062 690 2102 Fronto
729 2062 970 2102 Stoicorum
1012 2062 1252 2115 paradoxa,
1303 2063 1358 2104 de
1384 2044 1480 2119 'qui-

185 2129 265 2169 bus
282 2128 390 2176 vide,
411 2129 446 2168 si
473 2130 625 2180 placet,
649 2129 837 2183 Lipsium
857 2129 898 2168 in
912 2131 1175 2171 Manuducc.
1197 2133 1258 2173 ad
1285 2135 1481 2173 Stoicam

187 2198 506 2252 philosophiam
539 2197 635 2239 Lib.
667 2199 733 2237 111.
765 2197 948 2238 Dissert.
980 2211 1018 2238 2.

245 2265 312 2318 (3)
346 2252 444 2304 lure
473 2267 633 2305 Fronto
663 2265 824 2306 Orator
851 2265 895 2303 in
923 2264 1202 2320 philosophos
1235 2268 1390 2307 stoicos
1418 2267 1480 2306 in·-

188 2331 372 2373 vehitur.
402 2333 508 2371 Nam
534 2332 662 2372 etiam
674 2332 834 2381 Cicero,
858 2334 911 2374 de
923 2335 1116 2375 Oratore
1139 2336 1206 2374 111.
1242 2335 1345 2388 Cap.
1372 2350 1480 2375 xvu-

188 2413 301 2440 xvnt.
329 2398 403 2438 ubi
433 2400 623 2454 quaerit,
668 2413 777 2454 quae
808 2400 863 2439 sit
891 2400 1160 2455 philosophia
1191 2402 1354 2442 oratori
1381 2415 1481 2445 oon-

187 2466 328 2515 iuncta
367 2467 592 2516 maxime(
623 2467 790 2507 Stoicos
819 2468 876 2507 ait
916 2467 1194 2509 vehementer
1222 2467 1273 2507 ab
1305 2477 1480 2511 oratore

190 2528 445 2583 abhorrere,
473 2547 568 2575 cum
600 2534 654 2575 ob
682 2535 786 2585 alia,
813 2544 901 2577 tum
933 2551 953 2575 >›
970 2535 1085 2590 quod
1115 2534 1318 2576 orationis
1345 2550 1480 2590 genus

195 2617 230 2645 »s
247 2600 404 2642 habent
442 2601 620 2642 tortasse
659 2602 840 2652 subtile,
894 2612 936 2643 et
980 2612 1100 2642 certe
1144 2612 1335 2654 acutum,
1385 2605 1480 2655 sed,
