1708 3028
521 299 952 345 LlBERss.
1322 303 1408 358 2⁵7

119 425 375 502 expolita
393 421 456 481 'et
476 423 1002 501 (explanataysunt.
1035 423 1154 481 Scis
1168 422 1203 457 ’θ
1225 425 1402 484 verba

118 540 420 595 quaerere,
482 521 585 574 scis
632 531 860 594 reperta
906 530 1060 572 recte
1098 519 1401 588 collocare,

119 615 225 668 scis
264 615 510 668 colorem
549 614 830 666 sincerum
868 611 1162 666 vetiustatis
1202 615 1403 687 appin-

119 725 253 779 gere
268 747 284 771 ,
335 705 637 760 sententiis¹
653 716 842 758 autem
862 705 1195 776 gravissimis
1219 719 1276 760 et
1303 705 1404 760 ho-

119 799 446 854 nestissimis
483 794 782 867 abundare
806 837 820 850 .
847 836 860 849 .
887 838 901 849 .
934 796 1202 850 tralatum
1221 807 1281 855 (ι)
1307 835 1321 848 .
1346 835 1360 848 .
1387 833 1403 849 .

42 907 57 917 “
120 903 248 946 tum
269 933 282 946 .
307 933 320 946 .
349 933 362 946 .
387 908 475 946 res
507 893 588 946 ita
623 889 1056 963 impule(rint)·.
1092 931 1107 944 .
1145 931 1157 944 .
1191 890 1404 942 vincas.

117 984 309 1056 Inesse
348 1024 364 1050 .
407 1025 421 1039 .
461 1025 474 1038 .
515 1001 741 1037 versum
781 1023 794 1036 .
842 1023 855 1036 .
901 1023 913 1036 .
953 1024 966 1037 .
994 982 1254 1037 Alterum
1278 999 1407 1055 pro-

117 1078 311 1151 prium
330 1059 586 1130 &OMES
598 1117 613 1139 ‚
643 1075 1244 1128 alterum'translatum
1264 1075 1408 1129 OPI-

118 1169 291 1225 FEX.
366 1169 566 1241 Neque
609 1167 722 1220 ulla
766 1166 948 1221 verbis
997 1169 1114 1221 istis
1156 1169 1313 1223 inter
1349 1187 1409 1222 se

119 1263 447 1315 communio
472 1262 619 1314 inest
637 1276 826 1331 neque
847 1261 1261 1332 propinquitas.
1315 1257 1411 1313 Of-

119 1350 319 1407 fendit
330 1353 504 1425 igitur
529 1370 688 1405 aures
713 1352 979 1423 ingruens
999 1347 1347 1405 diversitas

81 1499 94 1516 ,
116 1463 351 1518 sapere.
359 1444 672 1499 ‚Sallustius
684 1444 803 1500 aitte
808 1443 1135 1519 )QUIQUE
1154 1444 1410 1509 MANU,

75 1597 77 1599 ,
116 1537 456 1603 VENTRE,
486 1537 712 1602 PENE,
747 1532 959 1590 BONA
982 1536 1263 1590 PATRIA
1285 1537 1411 1610 LA-v

118 1627 579 1685 OERAVERAT
611 1669 625 1684 .
661 1671 674 1684 .
712 1671 724 1684 .
759 1627 928 1683 Vides
960 1643 1239 1702 quantum
1263 1629 1413 1683 simi-

119 1721 367 1778 litudine
395 1720 625 1777 formae
649 1720 949 1776 verborum
979 1721 1277 1775 adsecutus
1308 1721 1412 1787 sit,

121 1827 191 1869 ut
216 1805 576 1888 postremum
601 1813 876 1879 iraham,
929 1832 1274 1889 quamquam
1316 1832 1414 1889 pa·

125 1922 256 1957 rum
286 1905 595 1978 pudj'eum,
644 1924 766 1959 non
801 1903 1143 1959 indecorum
1173 1926 1294 1962 esse
1335 1907 1416 1959 vi-

125 1993 352 2050 deatur:
409 1998 538 2052 ideo
573 1997 810 2063 scilicet,
868 1997 1024 2072 quod
1064 2041 1076 2054 .
1123 2041 1135 2054 .
1183 2039 1197 2053 .
1239 1998 1415 2053 verba

127 2088 328 2141 similia
338 2089 700 2162 praecedant.
725 2090 899 2170 Quod
923 2093 1068 2168 sivita
1080 2089 1220 2144 haec
1238 2091 1415 2146 verba

469 2325 496 2351 ²*
530 2328 595 2375 In
629 2329 900 2391 margine:
953 2331 1083 2381 Mire.

183 2547 253 2602 (ι)
282 2549 347 2590 lta
375 2550 488 2594 cod..
515 2554 752 2605 tralatum,
799 2563 842 2595 at
869 2554 1055 2596 inferius
1082 2531 1369 2598 translatum.

181 2631 248 2686 (α)
277 2633 328 2672 In
354 2633 470 2677 Bell.
505 2628 628 2680 catil.
655 2636 769 2679 Edit.
795 2639 918 2680 Paris
951 2637 1074 2692 1674.
1100 2651 1147 2695 p.
1185 2653 1249 2678 ιι.

896 2719 954 2764 ²7
