1708 3028
276 241 354 280 252
654 239 730 279 DE
762 239 1136 282 ORATIONIBUS

276 374 459 431 atque*
490 359 789 415 citharoedi
839 363 1021 416 sole'nt
1066 382 1239 415 unam
1279 366 1517 437 aliquam

273 452 515 503 vocalem
562 453 798 506 litteram
837 452 905 506 de
948 452 1289 524 (IU)NONE
1328 456 1413 508 vel
1452 455 1518 514 de

273 542 582 595 AEDONE
602 544 671 601 (ι”ἓῐ
698 543 883 595 multis
917 555 973 595 et
1003 545 1164 597 variis
1200 545 1517 598 accentibus

273 630 558 703 (cant)are.
622 633 772 705 Quid
803 651 900 703 ego
934 633 1232 687 verborum
1257 634 1441 688 sordes
1463 649 1523 688 et

271 718 528 774 illuvies?
576 722 710 793 quid
745 723 907 775 verba
936 723 1218 777 modulate
1253 726 1519 778 collocata

254 824 330 864 et
368 810 687 864 effeminate
726 811 955 866 fluentia
976 829 1027 872 (2)
1051 810 1083 867 ἦ)
1107 855 1119 867 .
1146 856 1158 867 .
1181 855 1192 868 .
1223 856 1235 868 .
1265 814 1390 884 (tibi
1422 816 1519 886 igi-

270 900 386 970 tur)
428 942 439 952 .
485 942 496 952 .
537 939 551 954 .
592 942 604 953 .
647 914 702 954 et
721 917 1030 956 aversantes
1062 944 1073 956 .
1112 945 1122 956 .
1154 946 1172 959 ,
1209 945 1220 958 .
1254 925 1387 958 nare
1411 903 1519 957 hoc

271 991 620 1061 eloquentiae
641 1011 825 1061 genus.
868 992 1061 1066 Clipeo
1076 1005 1131 1051 (3)
1152 1007 1208 1047 te
1226 995 1519 1052 Achillisoz)

268 1083 329 1134 in
371 1079 710 1133 orationibus
736 1121 747 1132 .
775 1121 787 1132 .
815 1086 952 1143 μάλα
977 1123 989 1135 .
1018 1122 1029 1135 .
1053 1077 1310 1156 ‘pugnare
1359 1098 1521 1156 opo'r-

267 1184 379 1234 tet,
444 1190 561 1223 non
617 1172 924 1242 parmulam
949 1186 951 1189 ’
977 1174 1275 1238 ventilare,
1338 1192 1520 1246 neque
1690 1197 1708 1288 1

267 1259 495 1313 hastulis
546 1259 876 1330 histrionum
925 1263 1130 1316 ludere.
1206 1265 1400 1335 Aquae
1450 1263 1522 1316 de

268 1351 567 1422 sipunculis
635 1352 960 1404 concinnius
1013 1353 1234 1418 gsaliunt
1255 1394 1270 1416 ‚
1353 1373 1517 1425 quam

267 1437 334 1491 de
365 1440 634 1497 imbribus
665 1479 677 1493 .
712 1482 724 1493 .
749 1481 762 1492 .
791 1461 910 1494 rem
942 1441 1256 1517 laudant(e)
1279 1483 1291 1496 .
1315 1483 1328 1496 .
1354 1463 1519 1515 quae-

266 1531 338 1581 rit
440 1531 558 1600 quis
587 1531 821 1583 istorum
915 1531 1160 1602 pandere
1185 1573 1196 1584 .
1223 1573 1235 1585 .
1260 1532 1409 1605 apud
1427 1573 1438 1584 .
1463 1572 1474 1584 .
1499 1573 1510 1585 .

321 1767 386 1819 (ι)
437 1767 503 1807 An
541 1767 646 1807 haec
684 1767 854 1808 fuerunt
904 1769 1201 1808 cantilenarum
1249 1765 1394 1809 initia?
1444 1771 1517 1820 Est

267 1841 402 1871 autem
440 1833 647 1871 notissima
683 1831 819 1872 fabula
853 1831 1038 1873 Aedonis
1071 1843 1112 1874 et
1146 1834 1390 1892 Pplytechni
1418 1826 1516 1874 con-

266 1899 427 1950 iugum,
485 1898 634 1952 quibus
663 1895 823 1936 offensa
853 1900 956 1938 Iuno
986 1899 1242 1939 miserrimas
1267 1898 1518 1940 calamitates

265 1964 412 2005 intulit.

319 2030 384 2081 (2)
431 2029 638 2068 Consonat
676 2027 828 2070 Cicero
862 2031 1039 2070 Orator.
1067 2043 1139 2069 xn.
1181 2027 1253 2083 qui
1278 2027 1359 2068 hoc
1387 2041 1515 2082 genus

267 2094 511 2133 elocutionis
540 2096 714 2134 deicias
741 2096 811 2135 vel
835 2098 980 2147 potius
1008 2097 1191 2147 ineptias
1219 2101 1355 2136 vocat.

321 2161 386 2212 (3)
418 2162 477 2199 Ita
505 2159 594 2199 eod
632 2161 767 2211 clipeo
798 2173 890 2199 cum
920 2163 948 2200 i.

320 2225 388 2276 (4)
426 2227 532 2264 Nota
568 2225 796 2277 genitivum
832 2225 1030 2273 Achillis,
1080 2238 1203 2279 quum
1233 2222 1329 2263 alibi
1357 2224 1513 2264 Fronto

267 2290 481 2343 scripserit
513 2291 678 2331 Achilli.
