<?xml version="1.0" encoding="UTF-8"?>
<!DOCTYPE html PUBLIC "-//W3C//DTD XHTML 1.0 Transitional//EN"
    "http://www.w3.org/TR/xhtml1/DTD/xhtml1-transitional.dtd">
<html xmlns="http://www.w3.org/1999/xhtml" xml:lang="en" lang="en">
 <head>
  <title>
</title>
<meta http-equiv="Content-Type" content="text/html;charset=utf-8" />
  <meta name='ocr-system' content='tesseract 3.04.00' />
  <meta name='ocr-capabilities' content='ocr_page ocr_carea ocr_par ocr_line ocrx_word'/>
</head>
<body>
  <div class='ocr_page' id='page_1' title='image "./operaomnia02horauoft_0029.png"; bbox 0 0 1708 3028; ppageno 0'>
   <div class='ocr_carea' id='block_1_1' title="bbox 621 257 1453 331">
    <p class='ocr_par' dir='ltr' id='par_1_1' title="bbox 621 257 1453 331">
     <span class='ocr_line' id='line_1_1' title="bbox 621 257 1453 331; baseline -0.001 -9"><span class='ocrx_word' id='word_1_1' title='bbox 621 270 997 322; x_wconf 74' lang='lat' dir='ltr'>LIBERL</span> <span class='ocrx_word' id='word_1_2' title='bbox 1293 257 1453 331; x_wconf 71' lang='lat'>‚237¹</span> 
     </span>
    </p>
   </div>
   <div class='ocr_carea' id='block_1_2' title="bbox 118 405 1456 1866">
    <p class='ocr_par' dir='ltr' id='par_1_2' title="bbox 118 405 1456 1866">
     <span class='ocr_line' id='line_1_2' title="bbox 164 405 1453 479; baseline -0.001 -19"><span class='ocrx_word' id='word_1_3' title='bbox 164 408 523 466; x_wconf 65' lang='lat' dir='ltr'>nniversoso)</span> <span class='ocrx_word' id='word_1_4' title='bbox 550 406 896 479; x_wconf 78' lang='lat' dir='ltr'>quicumque</span> <span class='ocrx_word' id='word_1_5' title='bbox 917 417 1048 478; x_wconf 90' lang='lat' dir='ltr'>post</span> <span class='ocrx_word' id='word_1_6' title='bbox 1059 405 1298 458; x_wconf 85' lang='lat' dir='ltr'>Romam</span> <span class='ocrx_word' id='word_1_7' title='bbox 1319 424 1453 470; x_wconf 80' lang='lat' dir='ltr'>con-</span> 
     </span>
     <span class='ocr_line' id='line_1_3' title="bbox 166 489 1454 570; baseline -0.002 -17"><span class='ocrx_word' id='word_1_8' title='bbox 166 498 344 570; x_wconf 75' lang='lat' dir='ltr'>ditam</span> <span class='ocrx_word' id='word_1_9' title='bbox 391 512 659 560; x_wconf 86' lang='lat' dir='ltr'>oratores</span> <span class='ocrx_word' id='word_1_10' title='bbox 695 499 1037 562; x_wconf 86' lang='lat' dir='ltr'>extiterunt,</span> <span class='ocrx_word' id='word_1_11' title='bbox 1106 497 1229 550; x_wconf 89' lang='lat' dir='ltr'>illos</span> <span class='ocrx_word' id='word_1_12' title='bbox 1281 489 1454 552; x_wconf 85' lang='lat' dir='ltr'>etiam</span> 
     </span>
     <span class='ocr_line' id='line_1_4' title="bbox 167 572 1453 664; baseline 0 -20"><span class='ocrx_word' id='word_1_13' title='bbox 167 610 310 664; x_wconf 88' lang='lat' dir='ltr'>quos</span> <span class='ocrx_word' id='word_1_14' title='bbox 348 593 410 645; x_wconf 88' lang='lat' dir='ltr'>in</span> <span class='ocrx_word' id='word_1_15' title='bbox 452 590 694 645; x_wconf 80' lang='lat' dir='ltr'>Oratore</span> <span class='ocrx_word' id='word_1_16' title='bbox 730 605 787 648; x_wconf 85' lang='lat'>(2)</span> <span class='ocrx_word' id='word_1_17' title='bbox 839 589 1039 644; x_wconf 89' lang='lat' dir='ltr'>Cicero</span> <span class='ocrx_word' id='word_1_18' title='bbox 1072 572 1453 662; x_wconf 46' lang='lat' dir='ltr'>&#39;eloquentiae</span> 
     </span>
     <span class='ocr_line' id='line_1_5' title="bbox 118 674 1454 756; baseline -0.001 -18"><span class='ocrx_word' id='word_1_19' title='bbox 118 683 120 686; x_wconf 42' lang='lat'><strong>⁴</strong></span> <span class='ocrx_word' id='word_1_20' title='bbox 168 685 396 738; x_wconf 85' lang='lat' dir='ltr'>civitate</span> <span class='ocrx_word' id='word_1_21' title='bbox 447 684 720 756; x_wconf 80' lang='lat' dir='ltr'><strong>gregatim</strong></span> <span class='ocrx_word' id='word_1_22' title='bbox 771 682 1007 737; x_wconf 80' lang='lat' dir='ltr'>donavit</span> <span class='ocrx_word' id='word_1_23' title='bbox 1056 685 1100 735; x_wconf 90' lang='lat' dir='ltr'>si</span> <span class='ocrx_word' id='word_1_24' title='bbox 1158 674 1454 736; x_wconf 76' lang='lat' dir='ltr'>numerare</span> 
     </span>
     <span class='ocr_line' id='line_1_6' title="bbox 165 777 1453 840; baseline -0.002 -11"><span class='ocrx_word' id='word_1_25' title='bbox 165 777 336 840; x_wconf 69' lang='lat' dir='ltr'>veli5,‘</span> <span class='ocrx_word' id='word_1_26' title='bbox 396 779 495 828; x_wconf 82' lang='lat' dir='ltr'>vix</span> <span class='ocrx_word' id='word_1_27' title='bbox 534 786 923 829; x_wconf 86' lang='lat' dir='ltr'>trecentorum</span> <span class='ocrx_word' id='word_1_28' title='bbox 962 794 1267 829; x_wconf 80' lang='lat' dir='ltr'>numerum</span> <span class='ocrx_word' id='word_1_29' title='bbox 1307 795 1453 828; x_wconf 88' lang='lat' dir='ltr'>com-</span> 
     </span>
     <span class='ocr_line' id='line_1_7' title="bbox 165 866 1456 942; baseline 0.001 -22"><span class='ocrx_word' id='word_1_30' title='bbox 165 867 373 942; x_wconf 86' lang='lat' dir='ltr'>plebis:</span> <span class='ocrx_word' id='word_1_31' title='bbox 414 887 588 941; x_wconf 86' lang='lat' dir='ltr'>quom</span> <span class='ocrx_word' id='word_1_32' title='bbox 601 883 661 928; x_wconf 86' lang='lat'>(3)</span> <span class='ocrx_word' id='word_1_33' title='bbox 684 887 758 921; x_wconf 87' lang='lat' dir='ltr'>ex</span> <span class='ocrx_word' id='word_1_34' title='bbox 778 888 898 922; x_wconf 84' lang='lat' dir='ltr'>una</span> <span class='ocrx_word' id='word_1_35' title='bbox 908 867 1215 922; x_wconf 83' lang='lat' dir='ltr'>Fabiorum</span> <span class='ocrx_word' id='word_1_36' title='bbox 1243 866 1456 922; x_wconf 79' lang='lat' dir='ltr'>familia</span> 
     </span>
     <span class='ocr_line' id='line_1_8' title="bbox 165 959 1456 1035; baseline 0.001 -23"><span class='ocrx_word' id='word_1_37' title='bbox 165 960 406 1014; x_wconf 82' lang='lat' dir='ltr'>trecenti</span> <span class='ocrx_word' id='word_1_38' title='bbox 441 961 647 1023; x_wconf 82' lang='lat' dir='ltr'>milites</span> <span class='ocrx_word' id='word_1_39' title='bbox 680 959 973 1015; x_wconf 83' lang='lat' dir='ltr'>fortissimi</span> <span class='ocrx_word' id='word_1_40' title='bbox 1007 980 1114 1035; x_wconf 87' lang='lat' dir='ltr'>pro</span> <span class='ocrx_word' id='word_1_41' title='bbox 1155 962 1341 1035; x_wconf 78' lang='lat' dir='ltr'>patria</span> <span class='ocrx_word' id='word_1_42' title='bbox 1379 960 1456 1013; x_wconf 88' lang='lat' dir='ltr'>di-</span> 
     </span>
     <span class='ocr_line' id='line_1_9' title="bbox 163 1049 1451 1109; baseline 0.001 -3"><span class='ocrx_word' id='word_1_43' title='bbox 163 1054 438 1107; x_wconf 82' lang='lat' dir='ltr'>micantes</span> <span class='ocrx_word' id='word_1_44' title='bbox 462 1072 582 1107; x_wconf 90' lang='lat' dir='ltr'>uno</span> <span class='ocrx_word' id='word_1_45' title='bbox 606 1049 701 1107; x_wconf 51' lang='lat' dir='ltr'>die¹</span> <span class='ocrx_word' id='word_1_46' title='bbox 723 1053 1100 1107; x_wconf 86' lang='lat' dir='ltr'>occubuerint</span> <span class='ocrx_word' id='word_1_47' title='bbox 1119 1065 1194 1109; x_wconf 76' lang='grc'>(4).</span> <span class='ocrx_word' id='word_1_48' title='bbox 1233 1055 1368 1108; x_wconf 90' lang='lat' dir='ltr'>Non</span> <span class='ocrx_word' id='word_1_49' title='bbox 1383 1096 1394 1109; x_wconf 96' lang='lat'><strong><em>.</em></strong></span> <span class='ocrx_word' id='word_1_50' title='bbox 1412 1096 1423 1107; x_wconf 91' lang='lat'><strong>.</strong></span> <span class='ocrx_word' id='word_1_51' title='bbox 1440 1096 1451 1107; x_wconf 92' lang='lat'>.</span> 
     </span>
     <span class='ocr_line' id='line_1_10' title="bbox 165 1146 1453 1220; baseline 0 -21"><span class='ocrx_word' id='word_1_52' title='bbox 165 1147 422 1218; x_wconf 84' lang='lat' dir='ltr'>gentium</span> <span class='ocrx_word' id='word_1_53' title='bbox 458 1188 469 1200; x_wconf 92' lang='lat'><strong>.</strong></span> <span class='ocrx_word' id='word_1_54' title='bbox 507 1189 519 1200; x_wconf 89' lang='lat'><strong><em>.</em></strong></span> <span class='ocrx_word' id='word_1_55' title='bbox 558 1188 569 1200; x_wconf 92' lang='lat'><strong>.</strong></span> <span class='ocrx_word' id='word_1_56' title='bbox 608 1188 621 1199; x_wconf 90' lang='lat'><strong><em>.</em></strong></span> <span class='ocrx_word' id='word_1_57' title='bbox 657 1148 813 1201; x_wconf 85' lang='lat' dir='ltr'>milia</span> <span class='ocrx_word' id='word_1_58' title='bbox 854 1146 959 1202; x_wconf 87' lang='lat' dir='ltr'>sub</span> <span class='ocrx_word' id='word_1_59' title='bbox 999 1147 1242 1220; x_wconf 84' lang='lat' dir='ltr'>pellibus</span> <span class='ocrx_word' id='word_1_60' title='bbox 1278 1188 1293 1200; x_wconf 86' lang='lat'><strong>.</strong></span> <span class='ocrx_word' id='word_1_61' title='bbox 1336 1189 1349 1200; x_wconf 90' lang='lat'><strong>.</strong></span> <span class='ocrx_word' id='word_1_62' title='bbox 1388 1189 1400 1200; x_wconf 87' lang='lat'><strong>.</strong></span> <span class='ocrx_word' id='word_1_63' title='bbox 1439 1186 1453 1199; x_wconf 92' lang='lat'><em>.</em></span> 
     </span>
     <span class='ocr_line' id='line_1_11' title="bbox 163 1238 1453 1313; baseline 0.002 -25"><span class='ocrx_word' id='word_1_64' title='bbox 163 1238 350 1290; x_wconf 66' lang='lat' dir='ltr'>urium</span> <span class='ocrx_word' id='word_1_65' title='bbox 379 1239 549 1292; x_wconf 85' lang='lat' dir='ltr'>etiam</span> <span class='ocrx_word' id='word_1_66' title='bbox 580 1242 845 1304; x_wconf 77' lang='lat' dir='ltr'>navium,</span> <span class='ocrx_word' id='word_1_67' title='bbox 907 1259 1075 1312; x_wconf 86' lang='lat' dir='ltr'>quem</span> <span class='ocrx_word' id='word_1_68' title='bbox 1104 1254 1169 1292; x_wconf 86' lang='lat' dir='ltr'>tu</span> <span class='ocrx_word' id='word_1_69' title='bbox 1196 1258 1332 1313; x_wconf 84' lang='lat' dir='ltr'>prae</span> <span class='ocrx_word' id='word_1_70' title='bbox 1357 1280 1373 1292; x_wconf 83' lang='lat'><strong>.</strong></span> <span class='ocrx_word' id='word_1_71' title='bbox 1403 1280 1414 1291; x_wconf 92' lang='lat'><strong>.</strong></span> <span class='ocrx_word' id='word_1_72' title='bbox 1440 1279 1453 1291; x_wconf 91' lang='lat'><strong>.</strong></span> 
     </span>
     <span class='ocr_line' id='line_1_12' title="bbox 167 1327 1452 1402; baseline 0.003 -22"><span class='ocrx_word' id='word_1_73' title='bbox 167 1347 268 1402; x_wconf 79' lang='lat' dir='ltr'>ego</span> <span class='ocrx_word' id='word_1_74' title='bbox 322 1327 528 1392; x_wconf 80' lang='lat' dir='ltr'>hacin</span> <span class='ocrx_word' id='word_1_75' title='bbox 571 1351 686 1385; x_wconf 89' lang='lat' dir='ltr'>re.</span> <span class='ocrx_word' id='word_1_76' title='bbox 733 1374 744 1385; x_wconf 90' lang='lat'><strong>.</strong></span> <span class='ocrx_word' id='word_1_77' title='bbox 790 1351 1026 1386; x_wconf 77' lang='lat' dir='ltr'>.cum‚</span> <span class='ocrx_word' id='word_1_78' title='bbox 1071 1374 1083 1385; x_wconf 92' lang='lat'><strong>.</strong></span> <span class='ocrx_word' id='word_1_79' title='bbox 1129 1374 1140 1385; x_wconf 91' lang='lat'><strong>.</strong></span> <span class='ocrx_word' id='word_1_80' title='bbox 1185 1331 1337 1385; x_wconf 85' lang='lat' dir='ltr'>ubi.</span> <span class='ocrx_word' id='word_1_81' title='bbox 1383 1373 1394 1385; x_wconf 91' lang='lat'><strong>.</strong></span> <span class='ocrx_word' id='word_1_82' title='bbox 1441 1373 1452 1384; x_wconf 92' lang='lat'><strong>.</strong></span> 
     </span>
     <span class='ocr_line' id='line_1_13' title="bbox 166 1419 1456 1497; baseline 0.002 -24"><span class='ocrx_word' id='word_1_83' title='bbox 166 1439 262 1475; x_wconf 90' lang='lat' dir='ltr'>eos</span> <span class='ocrx_word' id='word_1_84' title='bbox 290 1421 443 1494; x_wconf 82' lang='lat' dir='ltr'>apud</span> <span class='ocrx_word' id='word_1_85' title='bbox 486 1465 498 1476; x_wconf 91' lang='lat'><em>.</em></span> <span class='ocrx_word' id='word_1_86' title='bbox 545 1465 557 1477; x_wconf 91' lang='lat'><strong>.</strong></span> <span class='ocrx_word' id='word_1_87' title='bbox 601 1465 613 1477; x_wconf 94' lang='lat'><strong>.</strong></span> <span class='ocrx_word' id='word_1_88' title='bbox 659 1442 691 1476; x_wconf 82' lang='lat' dir='ltr'>a</span> <span class='ocrx_word' id='word_1_89' title='bbox 717 1424 852 1477; x_wconf 87' lang='lat' dir='ltr'>Belo</span> <span class='ocrx_word' id='word_1_90' title='bbox 895 1466 907 1478; x_wconf 93' lang='lat'><strong>.</strong></span> <span class='ocrx_word' id='word_1_91' title='bbox 954 1467 966 1478; x_wconf 90' lang='lat'><strong>.</strong></span> <span class='ocrx_word' id='word_1_92' title='bbox 1009 1467 1021 1478; x_wconf 87' lang='lat'><strong>.</strong></span> <span class='ocrx_word' id='word_1_93' title='bbox 1064 1444 1255 1497; x_wconf 86' lang='lat' dir='ltr'>neque</span> <span class='ocrx_word' id='word_1_94' title='bbox 1278 1419 1456 1491; x_wconf 83' lang='lat' dir='ltr'>officii</span> 
     </span>
     <span class='ocr_line' id='line_1_14' title="bbox 163 1512 1455 1591; baseline 0.005 -25"><span class='ocrx_word' id='word_1_95' title='bbox 163 1512 325 1567; x_wconf 80' lang='lat' dir='ltr'>obses</span> <span class='ocrx_word' id='word_1_96' title='bbox 368 1555 380 1567; x_wconf 92' lang='lat'><strong>.</strong></span> <span class='ocrx_word' id='word_1_97' title='bbox 426 1555 438 1568; x_wconf 92' lang='lat'><strong>.</strong></span> <span class='ocrx_word' id='word_1_98' title='bbox 483 1557 495 1569; x_wconf 88' lang='lat'><strong>.</strong></span> <span class='ocrx_word' id='word_1_99' title='bbox 539 1534 712 1588; x_wconf 78' lang='lat' dir='ltr'>quam</span> <span class='ocrx_word' id='word_1_100' title='bbox 746 1514 1150 1591; x_wconf 78' lang='lat' dir='ltr'>philosopham</span> <span class='ocrx_word' id='word_1_101' title='bbox 1193 1558 1205 1570; x_wconf 91' lang='lat'><strong>.</strong></span> <span class='ocrx_word' id='word_1_102' title='bbox 1252 1559 1264 1571; x_wconf 87' lang='lat'><strong>.</strong></span> <span class='ocrx_word' id='word_1_103' title='bbox 1309 1559 1321 1571; x_wconf 91' lang='lat'><strong>.</strong></span> <span class='ocrx_word' id='word_1_104' title='bbox 1362 1538 1455 1572; x_wconf 82' lang='lat' dir='ltr'>ra-</span> 
     </span>
     <span class='ocr_line' id='line_1_15' title="bbox 166 1607 1452 1679; baseline 0.002 -19"><span class='ocrx_word' id='word_1_105' title='bbox 166 1607 319 1660; x_wconf 88' lang='lat' dir='ltr'>cioni</span> <span class='ocrx_word' id='word_1_106' title='bbox 350 1620 513 1679; x_wconf 80' lang='lat' dir='ltr'>potes</span> <span class='ocrx_word' id='word_1_107' title='bbox 545 1610 606 1661; x_wconf 88' lang='lat' dir='ltr'>in</span> <span class='ocrx_word' id='word_1_108' title='bbox 643 1611 752 1663; x_wconf 84' lang='lat' dir='ltr'>isto</span> <span class='ocrx_word' id='word_1_109' title='bbox 796 1651 808 1662; x_wconf 87' lang='lat'><strong>.</strong></span> <span class='ocrx_word' id='word_1_110' title='bbox 853 1650 865 1663; x_wconf 94' lang='lat'><strong>.</strong></span> <span class='ocrx_word' id='word_1_111' title='bbox 911 1652 922 1664; x_wconf 94' lang='lat'><strong>.</strong></span> <span class='ocrx_word' id='word_1_112' title='bbox 967 1611 1132 1664; x_wconf 81' lang='lat' dir='ltr'>altius</span> <span class='ocrx_word' id='word_1_113' title='bbox 1165 1629 1285 1664; x_wconf 91' lang='lat' dir='ltr'>non</span> <span class='ocrx_word' id='word_1_114' title='bbox 1325 1649 1339 1676; x_wconf 68' lang='lat'><em>‚</em></span> <span class='ocrx_word' id='word_1_115' title='bbox 1383 1651 1396 1663; x_wconf 87' lang='lat'><strong>.</strong></span> <span class='ocrx_word' id='word_1_116' title='bbox 1439 1650 1452 1662; x_wconf 87' lang='lat'><strong><em>.</em></strong></span> 
     </span>
     <span class='ocr_line' id='line_1_16' title="bbox 163 1696 1452 1776; baseline 0.003 -26"><span class='ocrx_word' id='word_1_117' title='bbox 163 1697 308 1762; x_wconf 74' lang='lat' dir='ltr'>nihil,</span> <span class='ocrx_word' id='word_1_118' title='bbox 350 1740 362 1752; x_wconf 92' lang='lat'><strong>.</strong></span> <span class='ocrx_word' id='word_1_119' title='bbox 406 1741 418 1753; x_wconf 85' lang='lat'><strong>.</strong></span> <span class='ocrx_word' id='word_1_120' title='bbox 450 1741 483 1776; x_wconf 45' lang='lat'><em>4</em></span> <span class='ocrx_word' id='word_1_121' title='bbox 519 1696 796 1773; x_wconf 81' lang='lat' dir='ltr'>(co)ercet</span> <span class='ocrx_word' id='word_1_122' title='bbox 838 1742 851 1754; x_wconf 95' lang='lat'><strong>.</strong></span> <span class='ocrx_word' id='word_1_123' title='bbox 896 1743 907 1755; x_wconf 94' lang='lat'>.</span> <span class='ocrx_word' id='word_1_124' title='bbox 952 1742 966 1755; x_wconf 87' lang='lat'><strong>.</strong></span> <span class='ocrx_word' id='word_1_125' title='bbox 1009 1701 1238 1775; x_wconf 86' lang='lat' dir='ltr'>quidem</span> <span class='ocrx_word' id='word_1_126' title='bbox 1279 1744 1291 1756; x_wconf 90' lang='lat'><strong>.</strong></span> <span class='ocrx_word' id='word_1_127' title='bbox 1336 1743 1348 1755; x_wconf 89' lang='lat'><strong><em>.</em></strong></span> <span class='ocrx_word' id='word_1_128' title='bbox 1388 1741 1401 1754; x_wconf 91' lang='lat'><strong>.</strong></span> <span class='ocrx_word' id='word_1_129' title='bbox 1441 1741 1452 1754; x_wconf 84' lang='lat'><em>.</em></span> 
     </span>
     <span class='ocr_line' id='line_1_17' title="bbox 165 1782 1452 1866; baseline 0.003 -23"><span class='ocrx_word' id='word_1_130' title='bbox 165 1791 407 1863; x_wconf 86' lang='lat' dir='ltr'>sumpsit</span> <span class='ocrx_word' id='word_1_131' title='bbox 435 1782 535 1852; x_wconf 50' lang='grc'>56).</span> <span class='ocrx_word' id='word_1_132' title='bbox 569 1834 583 1848; x_wconf 91' lang='grc'><em>.</em></span> <span class='ocrx_word' id='word_1_133' title='bbox 616 1832 628 1845; x_wconf 90' lang='grc'><strong>.</strong></span> <span class='ocrx_word' id='word_1_134' title='bbox 664 1792 849 1845; x_wconf 81' lang='lat' dir='ltr'>valeat</span> <span class='ocrx_word' id='word_1_135' title='bbox 882 1835 893 1846; x_wconf 88' lang='lat'>.</span> <span class='ocrx_word' id='word_1_136' title='bbox 926 1834 940 1846; x_wconf 88' lang='lat'><em>.</em></span> <span class='ocrx_word' id='word_1_137' title='bbox 976 1835 988 1846; x_wconf 91' lang='lat'>.</span> <span class='ocrx_word' id='word_1_138' title='bbox 1021 1790 1159 1847; x_wconf 90' lang='lat' dir='ltr'>hinc</span> <span class='ocrx_word' id='word_1_139' title='bbox 1192 1814 1413 1866; x_wconf 70' lang='lat' dir='ltr'>quae..</span> <span class='ocrx_word' id='word_1_140' title='bbox 1440 1835 1452 1847; x_wconf 88' lang='lat'><strong>.</strong></span> 
     </span>
    </p>
   </div>
   <div class='ocr_carea' id='block_1_3' title="bbox 220 1999 1341 2077">
    <p class='ocr_par' dir='ltr' id='par_1_3' title="bbox 220 1999 1341 2077">
     <span class='ocr_line' id='line_1_18' title="bbox 220 1999 1341 2077; baseline 0.004 -18"><span class='ocrx_word' id='word_1_141' title='bbox 220 2021 296 2076; x_wconf 60' lang='lat' dir='ltr'>(J)</span> <span class='ocrx_word' id='word_1_142' title='bbox 329 2012 609 2061; x_wconf 69' lang='lat' dir='ltr'>Pleonasmus</span> <span class='ocrx_word' id='word_1_143' title='bbox 638 2034 724 2061; x_wconf 87' lang='lat' dir='ltr'>non</span> <span class='ocrx_word' id='word_1_144' title='bbox 757 2021 1003 2077; x_wconf 85' lang='lat' dir='ltr'>infrequens</span> <span class='ocrx_word' id='word_1_145' title='bbox 1034 2023 1145 2077; x_wconf 82' lang='lat' dir='ltr'>apud</span> <span class='ocrx_word' id='word_1_146' title='bbox 1174 1999 1341 2068; x_wconf 24' lang='lat' dir='ltr'>latinos..</span> 
     </span>
    </p>
   </div>
   <div class='ocr_carea' id='block_1_4' title="bbox 161 2105 1505 2499">
    <p class='ocr_par' dir='ltr' id='par_1_4' title="bbox 161 2105 1505 2499">
     <span class='ocr_line' id='line_1_19' title="bbox 169 2105 1455 2163; baseline 0.005 -18"><span class='ocrx_word' id='word_1_147' title='bbox 169 2105 185 2123; x_wconf 76' lang='lat'><em>&#39;</em></span> <span class='ocrx_word' id='word_1_148' title='bbox 219 2105 286 2158; x_wconf 71' lang='grc' dir='ltr'>(α)</span> <span class='ocrx_word' id='word_1_149' title='bbox 315 2107 423 2146; x_wconf 87' lang='lat' dir='ltr'>Puto</span> <span class='ocrx_word' id='word_1_150' title='bbox 453 2105 773 2159; x_wconf 80' lang='lat' dir='ltr'>intellig-endum</span> <span class='ocrx_word' id='word_1_151' title='bbox 801 2107 922 2163; x_wconf 88' lang='lat' dir='ltr'>Opus</span> <span class='ocrx_word' id='word_1_152' title='bbox 950 2110 1005 2149; x_wconf 87' lang='lat' dir='ltr'>de</span> <span class='ocrx_word' id='word_1_153' title='bbox 1025 2110 1168 2150; x_wconf 73' lang='lat' dir='ltr'>elaris</span> <span class='ocrx_word' id='word_1_154' title='bbox 1191 2111 1455 2152; x_wconf 74' lang='lat' dir='ltr'>Oratoribus</span> 
     </span>
     <span class='ocr_line' id='line_1_20' title="bbox 162 2173 1455 2232; baseline 0.002 -18"><span class='ocrx_word' id='word_1_155' title='bbox 162 2185 240 2214; x_wconf 78' lang='lat' dir='ltr'>seu</span> <span class='ocrx_word' id='word_1_156' title='bbox 267 2175 459 2220; x_wconf 67' lang='lat' dir='ltr'>Brutus,</span> <span class='ocrx_word' id='word_1_157' title='bbox 496 2173 558 2212; x_wconf 86' lang='lat' dir='ltr'>&#39;in</span> <span class='ocrx_word' id='word_1_158' title='bbox 597 2187 682 2228; x_wconf 89' lang='lat' dir='ltr'>quo</span> <span class='ocrx_word' id='word_1_159' title='bbox 732 2174 887 2232; x_wconf 84' lang='lat' dir='ltr'>Cicero</span> <span class='ocrx_word' id='word_1_160' title='bbox 929 2185 1169 2216; x_wconf 76' lang='lat' dir='ltr'>accuratum</span> <span class='ocrx_word' id='word_1_161' title='bbox 1219 2177 1455 2229; x_wconf 78' lang='lat' dir='ltr'>catalogum</span> 
     </span>
     <span class='ocr_line' id='line_1_21' title="bbox 161 2239 1455 2304; baseline 0.003 -25"><span class='ocrx_word' id='word_1_162' title='bbox 161 2239 388 2279; x_wconf 80' lang='lat' dir='ltr'>latinorum</span> <span class='ocrx_word' id='word_1_163' title='bbox 431 2239 662 2281; x_wconf 82' lang='lat' dir='ltr'>oratorum</span> <span class='ocrx_word' id='word_1_164' title='bbox 710 2243 957 2295; x_wconf 48' lang='lat' dir='ltr'>contexuit:</span> <span class='ocrx_word' id='word_1_165' title='bbox 1008 2256 1116 2299; x_wconf 90' lang='lat' dir='ltr'>quos</span> <span class='ocrx_word' id='word_1_166' title='bbox 1164 2243 1279 2284; x_wconf 82' lang='lat' dir='ltr'>inter</span> <span class='ocrx_word' id='word_1_167' title='bbox 1325 2259 1455 2304; x_wconf 80' lang='lat' dir='ltr'>quum</span> 
     </span>
     <span class='ocr_line' id='line_1_22' title="bbox 162 2304 1454 2366; baseline 0.005 -21"><span class='ocrx_word' id='word_1_168' title='bbox 162 2307 316 2346; x_wconf 76' lang='lat' dir='ltr'>multos</span> <span class='ocrx_word' id='word_1_169' title='bbox 354 2304 520 2347; x_wconf 74' lang='lat' dir='ltr'>infimos</span> <span class='ocrx_word' id='word_1_170' title='bbox 563 2318 854 2360; x_wconf 80' lang='lat' dir='ltr'>enumeraret,</span> <span class='ocrx_word' id='word_1_171' title='bbox 900 2307 1074 2364; x_wconf 79' lang='lat' dir='ltr'>fingitur</span> <span class='ocrx_word' id='word_1_172' title='bbox 1113 2310 1272 2352; x_wconf 86' lang='lat' dir='ltr'>ibidem</span> <span class='ocrx_word' id='word_1_173' title='bbox 1303 2326 1454 2366; x_wconf 84' lang='lat' dir='ltr'>repre-</span> 
     </span>
     <span class='ocr_line' id='line_1_23' title="bbox 162 2372 1505 2435; baseline 0.008 -23"><span class='ocrx_word' id='word_1_174' title='bbox 162 2372 318 2414; x_wconf 85' lang='lat' dir='ltr'>hensus</span> <span class='ocrx_word' id='word_1_175' title='bbox 351 2373 401 2413; x_wconf 83' lang='lat' dir='ltr'>ab</span> <span class='ocrx_word' id='word_1_176' title='bbox 440 2375 582 2415; x_wconf 83' lang='lat' dir='ltr'>Attico</span> <span class='ocrx_word' id='word_1_177' title='bbox 613 2376 734 2431; x_wconf 84' lang='lat' dir='ltr'>(Cap.</span> <span class='ocrx_word' id='word_1_178' title='bbox 766 2378 907 2431; x_wconf 71' lang='lat' dir='ltr'>LnX.)</span> <span class='ocrx_word' id='word_1_179' title='bbox 938 2377 1004 2420; x_wconf 72' lang='lat' dir='ltr'>his</span> <span class='ocrx_word' id='word_1_180' title='bbox 1033 2377 1197 2420; x_wconf 84' lang='lat' dir='ltr'>verbis:</span> <span class='ocrx_word' id='word_1_181' title='bbox 1257 2381 1324 2422; x_wconf 80' lang='lat' dir='ltr'>Tu</span> <span class='ocrx_word' id='word_1_182' title='bbox 1359 2383 1453 2435; x_wconf 79' lang='lat' dir='ltr'>qui·</span> <span class='ocrx_word' id='word_1_183' title='bbox 1501 2409 1505 2412; x_wconf 38' lang='lat'><strong>⁴</strong></span> 
     </span>
     <span class='ocr_line' id='line_1_24' title="bbox 163 2437 688 2499; baseline 0 -17"><span class='ocrx_word' id='word_1_184' title='bbox 163 2441 257 2482; x_wconf 77' lang='lat' dir='ltr'>dem</span> <span class='ocrx_word' id='word_1_185' title='bbox 286 2443 341 2482; x_wconf 85' lang='lat' dir='ltr'>de</span> <span class='ocrx_word' id='word_1_186' title='bbox 355 2437 497 2499; x_wconf 79' lang='lat' dir='ltr'>faece</span> <span class='ocrx_word' id='word_1_187' title='bbox 524 2443 688 2485; x_wconf 78' lang='lat' dir='ltr'>hauris.</span> 
     </span>
    </p>
   </div>
   <div class='ocr_carea' id='block_1_5' title="bbox 170 2523 740 2659">
    <p class='ocr_par' dir='ltr' id='par_1_5' title="bbox 170 2523 740 2659">
     <span class='ocr_line' id='line_1_25' title="bbox 220 2523 633 2600; baseline 0.002 -33"><span class='ocrx_word' id='word_1_188' title='bbox 220 2523 286 2578; x_wconf 83' lang='grc'>(3)</span> <span class='ocrx_word' id='word_1_189' title='bbox 316 2525 418 2600; x_wconf 48' lang='grc'><strong>(309.</strong></span> <span class='ocrx_word' id='word_1_190' title='bbox 450 2529 582 2583; x_wconf 83' lang='lat' dir='ltr'>quod.</span> <span class='ocrx_word' id='word_1_191' title='bbox 621 2532 633 2543; x_wconf 88' lang='grc'><em>“</em></span> 
     </span>
     <span class='ocr_line' id='line_1_26' title="bbox 170 2606 740 2659; baseline 0.012 -16"><span class='ocrx_word' id='word_1_192' title='bbox 170 2641 173 2643; x_wconf 89' lang='grc'>.</span> <span class='ocrx_word' id='word_1_193' title='bbox 219 2606 286 2659; x_wconf 61' lang='grc'>(4,)</span> <span class='ocrx_word' id='word_1_194' title='bbox 316 2609 565 2653; x_wconf 71' lang='lat' dir='ltr'>V.-Livium</span> <span class='ocrx_word' id='word_1_195' title='bbox 596 2611 646 2653; x_wconf 88' lang='lat'>11.</span> <span class='ocrx_word' id='word_1_196' title='bbox 668 2611 740 2654; x_wconf 73' lang='lat'>50.</span> 
     </span>
    </p>
   </div>
  </div>
 </body>
</html>
