1708 3028
306 280 382 331 276
680 280 755 318 DE
786 281 1171 320 'resumemus

306 399 563 452 omnibus
586 403 836 454 omnium
846 405 1260 474 provinciarum
1275 408 1552 476 magistra-

303 488 452 542 tibus
489 490 623 560 quid
650 492 710 543 in
747 493 1019 545 eiusmodi
1049 513 1208 546 causa
1232 494 1548 550 decernant.

304 578 452 651 Quid
493 582 661 650 igitur
699 579 961 636 eveniet?
1021 584 1162 636 Illud
1199 585 1431 648 scilicet,
1488 600 1553 639 ut

301 683 634 723 testamenta
658 674 846 723 omnia
859 692 929 724 ex
947 673 1265 746 longinquis
1287 689 1552 728 transma-

301 762 434 815 rinis
465 763 766 833 provinciis
798 765 1033 816 Romam
1070 765 1139 818 ad
1178 768 1553 837 cognitionem

300 862 457 902 tuam
509 851 840 906 deferantur.
936 855 1106 908 Filius
1156 855 1551 909 exheredatum

299 1182 444 1221 attinet
483 1181 533 1222 ad
561 1180 803 1222 huiusmodi
830 1180 1174 1224 proconsulatum
1202 1184 1481 1237 Augustorum
1511 1194 1553 1224 et

296 1247 519 1287 Caesarum
552 1246 721 1286 videndi
752 1249 1141 1301 suntSp‘anhemius
1173 1249 1226 1289 de
1241 1252 1331 1290 Usu
1359 1251 1559 1293 numisma

296 1312 479 1353 Dissert.
522 1328 597 1354 xn.
637 1314 736 1365 Cap.
762 1326 802 1372 9.
847 1316 1118 1354 Mazzolenus
1147 1317 1266 1354 Tom.
1298 1317 1328 1356 Ι.
1358 1316 1551 1357 Animad.

295 1390 368 1418 vn.
410 1378 451 1417 in
491 1378 680 1417 numism.
720 1379 823 1418 Mus.
862 1379 943 1418 Pis.
985 1388 1027 1418 et
1064 1380 1281 1419 recentior
1321 1379 1550 1421 Eckhelius

283 1436 333 1485 ,D
408 1456 443 1484 r.
483 1457 595 1484 num.
637 1452 706 1483 vet
761 1444 810 1484 T.
842 1458 928 1486 vm.
965 1459 1005 1498 p.
1035 1447 1128 1489 338.
1171 1453 1215 1486 et
1243 1459 1358 1500 seqq.
1419 1447 1550 1486 Immo

293 1510 326 1548 P
425 1521 443 1546 s
482 1509 527 1547 in
566 1509 719 1549 Critica
756 1508 807 1547 ad
846 1522 938 1548 ann.
971 1509 1043 1550 Ch.
1079 1519 1166 1563 147.
1197 1525 1237 1552 n.
1266 1526 1336 1554 xu,
1365 1521 1407 1552 et
1435 1526 1551 1567 seqq,

292 1575 496 1614 Caesares
536 1589 559 1613 a
596 1574 885 1626 proconsulari
925 1574 1102 1628 imperio
1131 1590 1387 1630 praenomen
1415 1582 1552 1632 Impe-

296 1643 459 1681 ratoris
486 1640 679 1679 hahuisse
703 1637 934 1680 contendit.
967 1641 1117 1691 Certe,
1150 1651 1196 1682 ut
1222 1642 1323 1683 alios
1349 1644 1550 1692 omittam,

295 1704 527 1744 Antoninus
554 1704 655 1744 Pius
694 1705 766 1758 qui
801 1703 995 1757 adoptivo
1033 1707 1141 1759 patri
1177 1708 1392 1749 Hadriano
1418 1709 1551 1751 factus

297 1778 361 1810 est
401 1770 562 1823 collega
600 1772 644 1808 in
681 1769 860 1822 imperio
887 1772 1175 1822 proconsulari
1202 1774 1276 1824 (V.
1301 1775 1478 1828 Capitol,
1506 1776 1554 1814 int

292 1839 381 1878 Pio
411 1850 455 1889 p.
486 1835 554 1877 26.·
584 1836 655 1883 C.)
693 1840 937 1885 Imperator
974 1837 1017 1875 in
1055 1838 1230 1877 nummis
1257 1838 1437 1890 dicitur,
1487 1843 1550 1883 vi-

294 1911 419 1943 vente
458 1899 595 1941 adhue
627 1902 719 1954 ipso
757 1902 973 1942 Hadriano
1012 1905 1090 1956 (V.
1121 1904 1297 1945 Eclihel.
1327 1907 1444 1947 Tom.
1477 1906 1551 1947 cit.

295 1980 337 2020 p.
369 1967 492 2019 354.)
533 1968 570 2005 Α
596 1967 712 2019 Pagii
749 1975 888 2007 tamen
917 1968 1123 2008 sententia
1149 1970 1315 2011 recedit
1344 1983 1437 2010 cum
1466 1973 1551 2012 No-

292 2031 396 2073 risio
434 2031 548 2071 idem
585 2032 812 2072 Eckhelius
840 2047 883 2086 p.
915 2034 1007 2081 341.
1063 2033 1151 2074 Sed
1187 2035 1311 2075 missa
1346 2036 1423 2076 hac
1451 2050 1548 2078 con-

292 2098 523 2147 troversia,
573 2096 747 2137 difficile
785 2098 906 2138 nobis
942 2107 1008 2139 est
1045 2113 1260 2151 asserere,
1306 2101 1414 2142 hanc
1442 2104 1547 2144 Ora-

291 2162 450 2203 tionem
491 2162 689 2216 scriptam
731 2177 824 2204 esse
865 2178 889 2204 a
928 2164 1165 2215 Frontone,
1215 2180 1340 2220 quum
1380 2170 1545 2208 Marcus

291 2237 402 2269 esset
427 2236 585 2269 tantum
599 2229 765 2272 Caesar.
795 2229 1023 2283 Imperium
1051 2230 1222 2284 quidem
1253 2241 1368 2272 extra
1381 2232 1546 2274 Urbem

288 2296 588 2347 proconsulare
615 2304 781 2348 gestum
811 2308 903 2340 esse
931 2309 954 2334 a
981 2296 1123 2337 Marco
1152 2297 1346 2350 Caesare,
1375 2299 1546 2340 vivente

290 2359 423 2400 adhue
445 2361 546 2411 Pio,
573 2370 730 2400 constat
757 2374 809 2401 ex
828 2360 1058 2414 Capitolino
1085 2362 1126 2399 in
1150 2365 1302 2405 Marco
1332 2378 1373 2417 p.
1405 2366 1471 2406 35.
1490 2365 1548 2406 D.

289 2424 375 2470 Sed
412 2434 552 2466 tamen
593 2426 639 2466 in
674 2426 752 2466 hac
791 2427 994 2467 Oratione
1033 2425 1097 2466 ita
1118 2427 1280 2468 Fronto
1321 2427 1375 2468 de
1404 2430 1544 2469 Marco

288 2488 494 2544 loquitur,
546 2501 592 2532 ut
627 2491 699 2534 hie
739 2492 863 2545 plane
892 2491 1080 2534 videatur
1107 2505 1343 2546 supremam
1370 2495 1543 2555 Augusti

287 2562 537 2608 potestatem
564 2565 664 2636 tunc
689 2555 817 2597 fuisse
851 2565 1078 2601 assecutus.
