1748 3054
400 260 479 305 352
838 244 1203 300 PRINCIPIA

403 421 414 432 .
458 420 470 432 .
514 420 526 432 .
570 417 584 432 .
625 380 772 433 Olim
791 379 1048 434 adversus
1061 382 1340 446 Romanos
1360 385 1645 437 intentum

400 483 456 523 et
491 468 753 532 infestum
790 484 846 524 et
884 473 1247 535 instructum,
1298 472 1450 527 bellis
1490 493 1644 526 exer-

398 561 630 612 citatum
661 600 826 613 .....
860 560 927 612 ab
960 560 1171 614 insidiis
1193 602 1205 614 .
1225 602 1244 614 .,
1261 602 1273 614 .
1298 602 1310 614 .
1337 601 1350 614 .
1376 561 1445 615 ad
1477 580 1644 616 omne

395 648 606 702 facinus
663 649 982 703 audendum
1027 670 1290 723 praeceps
1349 651 1643 722 agebatur,

395 741 550 793 nullo
587 743 697 793 iam
733 742 929 794 scelere
959 742 1109 812 quod
1142 743 1376 797 atrocius
1413 742 1646 797 auderet

394 830 623 902 reliquo,
666 831 814 882 Tum
831 844 1120 902 praeterea
1150 871 1349 884 .....
1376 831 1646 886 nodatum

396 961 560 974 .....
586 920 792 973 bellum
817 962 828 973 .
852 962 864 973 .
890 961 900 972 .
926 962 938 973 .
961 963 972 974 .
995 920 1082 973 Ad
1110 920 1244 975 hoc.
1262 962 1273 974 .
1291 963 1302 974 .
1319 924 1406 975 ,in
1437 922 1646 975 bellum

393 997 675 1082 profectus
711 1025 793 1064 est
833 1031 960 1064 cum
993 1014 1224 1082 cognitis
1255 1011 1519 1065 militibus
1543 1011 1643 1063 ho-

393 1100 802 1153 stemParthum
817 1101 1646 1173 contemnentibUS‚sagittarum

394 1193 535 1243 ictus
555 1204 682 1262 post
700 1193 947 1262 ingentia
957 1192 1243 1244 Dacorum
1261 1190 1492 1274 felcibus
1511 1192 1645 1244 inla-

391 1293 450 1334 ta
483 1281 701 1333 volnera
722 1294 775 1338 (1)
812 1279 1117 1351 despicatui
1153 1278 1490 1334 habentibus
1511 1279 1544 1310 ἦ·
1564 1294 1639 1338 (2).

488 1465 511 1489 ²³²
558 1467 620 1511 In
669 1468 924 1526 margine:
998 1469 1241 1512 Parthorum
1294 1470 1462 1524 sagittas

660 1532 885 1587 militibus·
915 1546 1065 1588 nostris
1122 1555 1220 1604 post
1276 1546 1458 1600 ingentia

662 1623 872 1664 Dacorum
921 1620 1092 1663 falcibus
1147 1621 1311 1679 inpacta
1367 1620 1462 1663 vul-

657 1713 754 1740 nera
801 1697 1175 1740 contemnentibus.
1393 1700 1400 1703 Α

390 1877 442 1917 ad
456 1876 635 1929 Verum)
651 1875 850 1915 scribitur
863 1888 956 1914 cum
973 1875 1228 1929 diphthongo
1247 1879 1516 1930 Vologaesus.
1535 1878 1642 1916 Tota

392 1953 527 1983 autem
565 1943 668 1981 haec
706 1941 835 1994 periit
877 1942 1336 1993 Vologaesi-laudatio,
1392 1957 1510 1997 quam
1542 1941 1640 1982 ideo

390 2009 550 2054 fronto
602 2007 906 2055 adornaverat,
966 2015 1012 2046 ut
1053 2020 1104 2045 eo
1146 2008 1395 2046 eminentior
1432 1996 1536 2050 Veri
1575 2010 1640 2047 sui

391 2074 521 2115 virtus
567 2072 781 2113 videretur
804 2101 814 2120 ,
878 2084 961 2124 quo
998 2071 1345 2123 praestantiorem
1391 2071 1550 2111 hostem
1603 2073 1639 2112 is

388 2139 570 2181 vicisset.
613 2138 746 2176 Secus
784 2135 944 2175 fecerat
982 2136 1144 2188 ineptus
1175 2137 1247 2178 ille
1278 2137 1398 2175 huius
1424 2137 1525 2176 belli
1554 2151 1641 2177 me-

389 2206 471 2245 rito
505 2218 528 2244 a
568 2203 750 2243 Luciano
790 2201 889 2253 Cap.
928 2209 985 2246 ¹4.
1036 2202 1261 2253 exagitatus
1303 2202 1512 2256 Set-imm,
1567 2203 1638 2256 qui

387 2281 600 2310 romanum
661 2269 961 2320 Imperatorem
1011 2266 1161 2305 Achilli
1185 2296 1194 2314 ‚
1256 2267 1484 2317 Persarum
1533 2268 1638 2322 (seu

388 2333 668 2386 Parthorum)
696 2345 839 2384 regem
869 2332 1087 2371 Thersitae
1114 2342 1443 2385 comparaverat.

444 2401 508 2453 (1)
535 2400 596 2438 Ita
609 2398 710 2438 Cod.
727 2399 904 2439 volnera
920 2398 1103 2445 intexta,
1132 2407 1171 2437 at
1188 2397 1229 2435 in
1241 2400 1426 2450 margine
1442 2399 1633 2440 vulnera.

446 2466 515 2519 (2)
542 2465 660 2503 Haec
681 2463 893 2516 pertinent
915 2463 967 2502 ad
986 2463 1333 2516 comparationem
1355 2463 1522 2503 Traiani
1539 2477 1633 2507 oum

387 2531 520 2577 Vero.
551 2527 794 2578 ‚Traianum
839 2528 972 2584 inquit
1008 2529 1191 2579 Fronto,
1246 2527 1462 2583 profectus
1489 2538 1555 2569 est
1581 2530 1633 2569 ad
