1664 3074
311 273 393 324 374
811 274 1064 315 ARION.

317 391 638 447 machinari.
679 395 787 448 Eos
821 396 1081 469 preoibus
1122 406 1180 450 (ι)
1217 397 1435 469 fatigat,
1477 418 1570 451 au-

318 514 444 547 rum
488 513 653 549 omne
691 507 746 550 (²)
787 496 890 549 sibi
927 495 1224 561 haberent,
1257 518 1426 551 unam
1466 498 1572 552 sibi

319 598 560 650 animam
608 600 867 651 sinerent.
944 600 1242 670 Postquam
1272 599 1330 652 id
1369 597 1574 652 frustra

323 711 469 760 orat,
525 699 686 750 aliam
731 709 921 751 tamen
970 701 1188 753 veniam
1225 694 1573 772 impetravit,

318 799 378 851 in
412 801 567 852 exitu
600 801 745 852 vitae
781 812 1056 871 quantum
1084 814 1273 872 posset
1307 811 1574 856 cantaret.

321 898 384 951 Id
434 899 749 971 praedones
797 902 858 954 in
905 902 1058 957 lucro
1111 903 1310 955 ducere
1356 914 1575 974 praeter

321 999 498 1070 spolia
536 1019 817 1053 summum
856 1000 1125 1056 artificem
1164 1001 1378 1066 audire,
1417 1004 1573 1056 cuius

322 1116 517 1152 vocem
548 1114 837 1173 praeterea
855 1122 1020 1157 nemo
1046 1122 1310 1174 umquam
1334 1116 1463 1175 post
1484 1103 1576 1156 illa

323 1202 684 1256 autscultaret
722 1210 795 1256 (3).
850 1205 946 1258 Ele
983 1217 1194 1258 vestem
1223 1204 1412 1259 induit
1438 1223 1574 1257 auro

321 1304 622 1368 intextam,
673 1307 920 1377 itemque
972 1306 1240 1359 citharam
1277 1308 1575 1381 ipsignem:

322 1416 445 1456 tum
494 1423 598 1476 pro
647 1408 829 1478 puppi
878 1421 1072 1479 aperto
1121 1410 1360 1460 maxime
1408 1421 1576 1478 atque

326 1504 474 1558 edito
495 1507 618 1558 loco
641 1509 908 1562 constitit.
973 1509 1145 1561 Sociis
1167 1508 1303 1562 inde
1325 1509 1576 1561 consulto

323 1626 426 1680 per
464 1628 665 1662 navem
705 1620 945 1662 ceteram
979 1609 1263 1682 diqpersiffi
1303 1608 1383 1661 ibi
1402 1611 1578 1663 Arion

324 1708 506 1762 studio
553 1712 793 1782 inpenso
842 1724 1066 1764 cantare
1117 1710 1326 1763 orditur
1374 1711 1580 1765 scilicet

323 1813 460 1862 mari
500 1824 554 1864 et
594 1812 744 1864 caelo
786 1814 912 1864 artis
943 1831 1071 1864 suae
1093 1831 1411 1885 supremum
1434 1830 1578 1863 com-

324 1925 838 1965 memoramentum.
864 1913 1133 1966 Carminis
1157 1914 1217 1967 in
1239 1922 1295 1968 (4)
1314 1910 1429 1965 fine
1451 1931 1578 1964 cum

324 2011 493 2064 verbo
521 2015 581 2065 in
606 2033 755 2067 mare
775 2013 982 2067 desilit:
1023 2013 1318 2086 delphinus
1341 2014 1576 2085 excipit,

327 2112 621 2167 sublimem
653 2113 867 2178 avehit,
906 2115 1032 2167 navi
1068 2116 1400 2185 praevertit,
1442 2114 1578 2165 Tae-

329 2232 467 2268 naro
497 2218 755 2288 exponit,
796 2227 1070 2287 quantum
1093 2213 1356 2287 delphino
1379 2214 1459 2267 fas
1481 2226 1576 2277 est,

386 2380 448 2430 (1)
466 2366 581 2419 cod.
615 2381 857 2430 praecibus,
888 2388 930 2418 et
958 2378 1134 2419 inferius
1164 2381 1425 2430 deproecari.

386 2445 449 2497 (2)
480 2444 584 2486 cod.
617 2461 778 2493 omnes,
815 2444 891 2484 sed
920 2453 1024 2498 puto
1051 2461 1071 2485 s
1100 2444 1216 2484 vocis
1234 2443 1450 2497 sequentis
1465 2455 1577 2482 men-

330 2510 433 2550 dose
463 2511 728 2563 duplicatam.

383 2569 450 2629 (3)
483 2578 545 2614 lta
576 2576 678 2618 Cod.
710 2571 1005 2616 autsitultaret.
1029 2574 1188 2614 Confer
1211 2573 1404 2627 superius
1423 2588 1462 2628 p.
1482 2585 1574 2627 297.

381 2644 444 2694 (4)
474 2642 710 2684 Videbatur
740 2641 927 2682 addenda
955 2641 1214 2695 praepositio
1243 2644 1299 2681 in.
