1702 3060
626 291 1039 353 meronmbt.
1381 297 1464 350 357

552 563 600 625 F
602 566 964 624 RAGMENTUM
998 582 1087 622 vu.

255 719 597 836 LmER'UM
637 780 849 844 amanti
882 789 966 830 est
999 775 1356 848 inculpatum
1391 777 1456 829 si-

178 871 437 928 lentium.
484 869 744 941 Namque
786 869 958 923 ceteri
996 856 1260 922 mortales
1298 887 1456 942 prae-

169 965 325 1022 'senti
353 961 443 1017 die
478 962 864 1030 mentiuntur3
923 960 1276 1016 Scribtorum
1305 981 1457 1015 men-

180 1055 337 1110 dacia
398 1068 518 1109 tam
584 1054 807 1127 culpam
881 1073 1052 1125 quam
1123 1055 1457 1108 memoriam

180 1160 404 1202 merent
432 1147 832 1219 sempiternam
877 1186 889 1198 .
935 1188 946 1199 .
991 1188 1002 1199 .
1046 1186 1060 1198 .
1101 1187 1112 1199 .
1148 1188 1159 1200 .
1195 1187 1207 1200 .
1241 1147 1456 1199 Eorum

178 1239 437 1313 profecto
478 1237 756 1292 uberrima
799 1239 1028 1309 ingenia
1074 1236 1283 1292 frustra
1324 1236 1457 1291 fuis-

178 1345 334 1396 sent,
374 1333 483 1385 nisi
517 1325 830 1402 magnificis
863 1349 920 1384 se
951 1328 1455 1397 rebuflscribendis

179 1434 573 1497 occupassent:
613 1423 867 1495 itemque
903 1423 1013 1476 nisi
1041 1440 1148 1495 pro
1177 1423 1457 1493 magnitu-

180 1515 312 1570 dine
333 1534 525 1570 rerum
543 1527 825 1587 gestarum
849 1513 1205 1568 scribtorum
1225 1533 1458 1586 quoque

181 1608 408 1682 ingenia
427 1619 803 1681 congruerent
832 1647 845 1659 .
880 1646 894 1659 .
925 1648 937 1660 .
973 1646 985 1659 .
1011 1604 1046 1634 *²
1068 1647 1081 1659 .
1106 1647 1121 1660 ,.
1145 1648 1157 1660 .
1187 1648 1200 1659 .
1223 1602 1304 1635 ⁹⁶*
1326 1647 1338 1660 .
1364 1646 1376 1659 .
1400 1647 1413 1660 .
1439 1648 1451 1658 .

247 1866 271 1891 ex:
304 1867 367 1911 In
398 1866 657 1927 margine:
707 1868 937 1911 Homerum
972 1867 1075 1911 dicit
1104 1873 1176 1919 (¹)-

174 1973 219 2040 ,
245 1947 294 1974 *¹³⁸
324 1950 389 1995 In
423 1950 679 2011 margine:
723 1950 961 2011 Xenophon
988 1951 1060 1996 hic
1092 1951 1170 1995 sub
1195 1950 1305 2011 Cyro
1374 2009 1378 2013 .

388 2036 599 2096 stipendia
631 2033 870 2079 voluntaria
906 2034 1007 2078 fecit
1044 2043 1116 2085 (2)-

235 2275 305 2329 (ι)
331 2275 465 2316 Periit
491 2275 611 2317 locus
641 2275 695 2318 de
725 2279 932 2319 Homero.

237 2359 305 2412 (ρ.)
332 2359 465 2399 Periit
491 2359 612 2400 locus
640 2359 693 2400 de
715 2359 1015 2413 Xenophonte.
1045 2359 1256 2400 Lucianus
1284 2357 1454 2413 'quidem

183 2425 384 2478 inopere
407 2425 574 2466 laudato
598 2440 690 2481 cap.
708 2430 774 2471 23.
799 2427 1021 2467 subsannat
1042 2426 1248 2482 quosdam
1263 2425 1455 2478 Scripto-

181 2504 253 2531 res
280 2491 402 2532 huius
430 2493 618 2534 Parthici
644 2494 770 2544 belli,
810 2494 882 2549 qui
908 2493 1023 2550 quod
1050 2493 1210 2534 nullum
1239 2491 1454 2533 Historiae

183 2571 285 2599 suae
315 2557 608 2612 prohoemium
638 2561 1003 2615 praeposuissent,
1057 2561 1255 2601 continuo
1285 2573 1454 2600 suarum

183 2624 369 2679 partium
399 2638 489 2666 esse
517 2627 841 2683 Xenophontem
869 2626 1143 2679 dictitabant,
1199 2641 1222 2666 a
1252 2639 1336 2681 quo
1363 2626 1453 2667 sine
