1708 3028
332 300 412 339 27⁰
707 288 784 327 DE
805 288 1194 331 'ORATIONIBUS

331 410 644 478 signatuso)
678 421 758 462 est
776 411 1156 463 PERPERNA
1175 428 1234 470 (ιι)
1267 414 1351 465 vel
1387 415 1578 487 TR(E-

329 499 450 569 ΒΟ)
479 512 551 558 (3).
614 499 781 572 Quid
830 502 996 572 igitur
1042 520 1159 554 non
1207 503 1396 555 malim
1443 504 1580 557 mihi

385 605 455 657 (1)
487 599 588 644 Cod.
621 602 812 642 fortasse,
843 603 966 643 habet
992 609 1186 656 szgnicus.

383 671 447 722 (2)
474 671 532 709 lta
544 668 763 709 evidenter
777 668 867 709 cod.
880 671 1186 713 PERPERNA
1217 673 1290 711 Est
1304 681 1439 711 autem
1453 673 1581 711 omni·

327 747 384 775 no
408 735 577 788 insignis
605 734 681 774 hic
699 735 813 774 loeus
843 736 1073 779 Frontonis.
1127 737 1242 776 Dicit
1271 738 1380 777 enim
1411 738 1582 791 oblique

326 801 511 850 Fronto,
551 801 661 839 inter
687 809 875 840 vetustos
903 815 1109 850 nummos,
1139 803 1288 857 quibus
1315 805 1493 856 signatus
1522 811 1583 843 est

325 868 542 919 Perperna
554 896 564 914 ‚
596 865 852 905 adulterinos
870 865 1025 920 aliquot
1043 869 1235 910 inveniri.
1274 870 1462 909 Iamvero
1481 862 1583 908 Per*-

325 945 484 986 pernae
507 944 698 970 nummos
721 931 918 984 quosdam
941 946 963 971 a
985 933 1150 972 Goltzio
1179 935 1362 987 prolatos
1382 936 1447 974 rei
1468 947 1582 973 num·

323 1001 482 1039 mariae
494 997 729 1047 Scriptores
745 996 854 1035 inter
871 1000 1108 1038 consulares
1125 999 1312 1040 incertae
1331 999 1432 1040 fidei
1452 1001 1582 1041 collo-

326 1073 436 1105 cant.
468 1063 520 1104 V.
545 1061 803 1099 'thesaurum
827 1063 990 1102 Morell.
1022 1066 1069 1102 Τ.
1098 1064 1128 1102 1.
1158 1078 1200 1117 p.
1223 1064 1434 1106 boabo&
1456 1056 1582 1118 Atqui

327 1143 379 1170 ex
407 1129 487 1167 hoc
520 1128 613 1166 loco
644 1126 870 1165 Frontonis
902 1127 982 1165 iam
1021 1136 1160 1181 patet,
1209 1129 1429 1182 antiquitus
1458 1131 1587 1173 etium

325 1194 481 1248 aliquot
519 1195 762 1244 Perpernae
800 1206 990 1232 nummos
1029 1193 1229 1234 iudicatos
1262 1193 1388 1234 fuisse
1425 1194 1584 1235 adulte·

325 1262 454 1302 rinos.
509 1259 623 1310 Ergo
655 1258 861 1306 Goltzius,
911 1272 1013 1312 quos
1042 1258 1173 1298 edidit
1200 1262 1442 1314 Perpernae
1468 1275 1583 1299 num-

324 1339 416 1366 mos
454 1338 535 1364 non
565 1322 729 1363 videtur
759 1336 833 1361 suo
863 1322 952 1373 ipse
981 1324 1148 1377 ingenio
1177 1325 1445 1378 procudisse,
1475 1350 1481 1358 ·
1506 1324 1582 1365 sed

325 1405 430 1433 vere
465 1391 508 1429 in
545 1388 723 1442 antiquis
761 1397 983 1440 repertos,
1033 1403 1108 1428 seu
1148 1391 1335 1431 sinceros
1372 1405 1448 1431 seu
1487 1399 1582 1444 spu-

324 1461 431 1505 rios,
479 1453 752 1509 publicandos
781 1467 960 1494 curasse.

379 1524 446 1575 (3)
475 1524 538 1561 lta
570 1520 673 1558 mihi
712 1518 860 1559 videor
896 1520 939 1557 in
973 1519 1119 1560 codice
1154 1521 1316 1574 legere.
1383 1523 1583 1564 Ceterum

324 1589 446 1628 huius
484 1585 677 1652 vqcabuli
712 1583 953 1638 TROEBO)
992 1599 1089 1639 pars
1129 1587 1340 1640 posterior
1385 1588 1506 1628 satis
1502 1591 1586 1627 ebt

325 1654 549 1694 obliterata
588 1660 630 1691 et
666 1649 813 1698 dubia,
863 1659 908 1689 ut
947 1652 1188 1703 parenthesi
1227 1647 1415 1710 apposita
1451 1651 1586 1692 fassus

323 1733 428 1760 sum.
462 1714 595 1758 Favet
616 1725 752 1756 autem
774 1715 943 1755 lectioni
965 1730 1096 1764 meae,
1119 1718 1229 1772 quod
1243 1718 1406 1772 quidam
1427 1718 1582 1757 nummi

322 1785 425 1824 item
452 1781 654 1824 Trebonii
677 1796 700 1821 a
721 1781 884 1821 Goltzio
908 1783 1002 1822 luce
1023 1782 1165 1822 donati
1187 1796 1278 1822 cum
1305 1784 1582 1837 inscriptione

323 1850 552 1891 TREBON
567 1877 579 1898 ,
633 1847 677 1887 in
716 1847 1000 1887 consularibus
1027 1848 1213 1888 incertae
1242 1848 1342 1888 fidei
1367 1861 1586 1888 numeran-

324 1925 409 1957 tur.
451 1917 504 1959 V.
543 1926 680 1968 nuper
717 1912 922 1952 laudatum
963 1913 1222 1953 Thesaurum
1262 1915 1521 1956 Morell.'1'.
1553 1915 1583 1954 1:

322 1996 366 2043 p.
398 1983 594 2024 (mn-⁶22.
635 1980 823 2032 itemque
859 1992 900 2031 p.
934 1979 1028 2031 627.
1088 1981 1220 2019 Immo
1249 1980 1355 2021 alter
1376 1969 1584 2019 'Trebonii

323 2044 540 2097 nummus,
591 2044 700 2098 (sed
740 2045 947 2098 legitimus
985 2052 1029 2082 et
1065 2044 1146 2084 alio
1173 2057 1270 2083 cum
1297 2046 1426 2097 typo)
1457 2057 1583 2099 quem

324 2115 485 2170 primus
509 2112 641 2153 edidit
653 2111 863 2165 Seguinus
890 2108 1285 2161 (Select.Numism'.
1311 2109 1414 2148 Edit
1452 2109 1583 2151 Paris.

329 2197 343 2221 ι
355 2179 448 2229 684.
462 2193 501 2233 p.
515 2178 608 2234 qh.)
623 2208 634 2226 ‚
657 2176 846 2231 praefert
859 2174 1172 2228 inscriptionem
1186 2174 1361 2217 STATI.
1378 2175 1581 2219 TREBO.

323 2247 380 2286 Et
401 2254 499 2286 nota
524 2245 687 2285 litteras
710 2241 898 2283 TREBO
919 2241 959 2280 in
972 2253 1137 2279 nummo
1150 2240 1321 2293 Seguini
1343 2253 1517 2293 prorsus
1539 2247 1586 2280 ut

324 2311 369 2352 in
396 2312 479 2352 hoe
509 2310 568 2362 (si
594 2317 717 2349 recte
747 2307 940 2361 legimus)
970 2307 1064 2346 loco
1079 2305 1314 2346 Frontonis.
1346 2307 1430 2345 hm
1459 2304 1583 2360 quum

325 2378 461 2433 spurii
490 2376 647 2432 aliquot
674 2373 913 2415 exstiterint
940 2373 1041 2412 olim
1055 2373 1299 2425 Perpernae
1323 2379 1367 2410 et
1379 2370 1587 2410 Trebonii

324 2443 505 2493 nummi,
550 2442 646 2482 hinc
677 2454 821 2488 eruas,
859 2439 1008 2479 iisdem
1047 2450 1139 2478 cum
1165 2436 1273 2491 typis
1301 2435 1424 2476 etiam
1450 2435 1586 2490 legiti-

324 2523 417 2550 mos
444 2508 604 2563 aliquot
633 2506 852 2547 exstitisse.
879 2506 983 2544 Nam
1013 2505 1083 2559 qui
1107 2515 1296 2543 nummos
1323 2501 1433 2542 lucri
1461 2514 1587 2544 canet·

327 2575 554 2624 adulterat,
579 2573 616 2614 is
642 2571 901 2627 incognitum
927 2579 1074 2626 typum
1101 2583 1186 2612 uon
1212 2567 1438 2623 procudit.-
