1708 3028
1315 302 1395 347 29¹7

342 423 582 487 PARS
648 419 1191 489 ORATIONIS

275 566 414 611 PRo
469 563 885 630 xro-Lumine
936 561 1257 645 SERENo

478 816 675 879 ARmo
721 813 1043 879 ANToNiNo

318 914 349 937 2„-

112 1073 123 1081 '
206 940 442 1067 HAVE
498 1011 579 1062 mi
643 1011 896 1063 Domine
954 1007 1062 1062 Fili
1112 1007 1406 1060 carissime.

134 1098 295 1154 Sicut
326 1120 443 1165 eOS,
493 1103 593 1174 qui
628 1100 778 1154 dicta
809 1099 1070 1172 factaque
1091 1112 1192 1153 tua
1226 1099 1287 1153 in
1320 1098 1413 1153 ad-

133 1174 505 1250 ministranda
533 1196 828 1267 provincia
856 1192 1118 1340 “mnis
1151 1189 1413 1245 laudibus

133 1284 352 1351 ferunt,
393 1288 571 1340 laetus
606 1307 670 1340 ac
702 1287 884 1341 libens
1040 1305 1103 1349 ο,
1142 1286 1221 1336 ita
1243 1283 1416 1355 siquis

135 1377 273 1451 quid
337 1393 718 1432 remurmurat
786 1390 885 1431 aut
949 1377 1288 1451 deprecatur
1325 1393 1384 1440 (ι)
1401 1418 1417 1440 ,

134 1471 317 1524 multo
348 1471 726 1544 scrupulosius
763 1471 1046 1525 autsculto
1071 1484 1156 1533 (2),
1214 1482 1271 1523 et
1303 1487 1417 1542 quo

63 1570 67 1572 “
138 1564 385 1635 quicque
431 1562 602 1615 modo
654 1564 883 1634 gesseris
935 1575 1034 1616 aut
1091 1560 1419 1615 indicaveris

137 1657 388 1729 requiro:
428 1669 496 1711 ut
519 1640 618 1729 qui
641 1657 1044 1710 existimationi
1065 1666 1201 1709 tuae
1220 1653 1422 1707 famae-

141 1767 252 1821 que
271 1749 435 1801 iuxta
455 1766 628 1821 quam
649 1768 810 1802 meae
833 1748 1155 1802 consultum
1176 1748 1419 1819 cupiam.

215 1841 556 1894 Volumnius
568 1837 813 1895 Serenus
827 1839 1263 1895 Concordiensis
1279 1851 1356 1902 (3),
1379 1840 1424 1891 si

142 1929 283 1986 nihil
293 1933 354 1986 in
367 1933 600 2004 iis‚quae
613 1932 765 2005 apud
778 1952 870 1985 me
886 1933 1425 1994 commemoravitm),

200 2088 267 2142 (ι)
299 2087 403 2130 eod.
420 2090 712 2142 depr-necatur
731 2098 774 2129 et
790 2088 967 2130 inferius
977 2100 1248 2145 praec-abore.
1263 2090 1429 2143 Saepis-

145 2155 251 2195 sime
290 2155 334 2194 id
365 2155 451 2196 vidi
478 2156 523 2195 in
551 2155 734 2210 antiquis
766 2156 1006 2208 codicibus,
1054 2159 1230 2211 eiusque
1262 2165 1430 2197 exstant

148 2222 339 2277 exempla
372 2224 499 2263 etiam
527 2224 639 2278 apud
668 2224 904 2275 Gruterum
934 2238 1039 2266 xv11.
1071 2239 1112 2278 7.
1146 2231 1189 2264 et
1213 2238 1357 2264 xxxix.
1387 2225 1426 2264 5.

158 2287 170 2297 ⁶
202 2289 270 2342 (2)
299 2291 359 2330 Ita
387 2290 495 2332 cod.
528 2293 759 2336 autsculco.

203 2355 272 2410 (3)
298 2357 410 2396 Puto
438 2357 758 2412 intelligendam
789 2359 1090 2401 Concordiam¹
1108 2357 1260 2397 urbem
1291 2358 1432 2399 Vene-

149 2421 234 2462 tine
262 2423 305 2462 in
333 2424 463 2466 Italia.
497 2425 647 2481 Neque
677 2426 790 2466 enim
817 2425 937 2465 lubet
956 2425 1146 2479 cogitare
1167 2425 1430 2465 Concordias

151 2490 352 2532 Baeticae
383 2500 451 2531 aut
480 2493 717 2533 Lusitaniae
748 2501 816 2533 aut
843 2494 1082 2533 Nemetum.

211 2556 276 2611 (4)
307 2557 410 2600 eod.
440 2570 847 2609 commemorarunt,
877 2557 955 2599 sed
987 2558 1217 2611 corrigitur
1245 2571 1268 2596 a
1297 2558 1432 2598 verbo

156 2626 357 2675 exposuit
383 2637 465 2664 non
494 2628 645 2680 procul
675 2635 896 2681 sequente.
