1664 3074
297 282 379 330 480
672 281 750 320 DE
775 281 834 321 DI
840 279 1175 323 FFERENTIIS

354 384 526 433 Omnes,
555 392 598 424 et
623 393 823 434 cunctos,
858 393 902 424 et
927 387 1166 426 universos.
1208 385 1366 428 Omnes
1390 386 1550 428 nullum

299 455 476 508 excipit,
522 462 570 494 ut
615 468 757 494 omnes
799 455 1007 494 homines.
1080 458 1144 495 lta
1184 465 1225 496 et
1262 471 1345 498 res.
1399 459 1551 500 Cuncti

296 526 441 579 itaque
478 525 523 564 in
561 539 834 579 personarum
874 540 1050 566 numero
1083 527 1374 576 nominantur,
1400 529 1551 582 pri-«co

297 596 398 635 dicti
428 597 572 638 verbo.
605 597 824 653 Universi‚
865 597 907 635 in
935 611 1056 637 unam
1083 598 1325 637 sententiam
1356 599 1583 654 convenii}¹

297 666 466 706 dicendi
495 667 620 722 quid,
648 668 735 707 sive
765 667 961 706 faciendi.
1410 656 1413 659 “

347 739 383 777 F
386 752 533 778 croces
555 747 597 777 et
622 737 754 777 feros.
779 739 814 777 F
819 752 964 778 croces
994 740 1142 778 animo.
1176 739 1278 779 Feri
1300 740 1458 788 leones,
1482 751 1551 779 ce-

293 809 458 863 terique
481 809 649 850 similes,

348 879 557 928 Auferre,
586 887 630 918 et
658 879 850 932 eripere,
891 889 934 919 et
963 880 1162 920 adimere.
1203 879 1352 920 Aufert
1379 879 1448 935 qui
1477 880 1550 919 ‹Ie-¹

293 951 367 989 dit.
400 950 560 989 Adimit
590 950 770 1003 1mperio
800 958 979 991 coactus.
1031 952 1171 1004 Eripit
1199 952 1273 1005 qui
1300 951 1396 1005 plus
1425 950 1547 992 valet.

293 1023 439 1074 Itaque
467 1020 651 1060 Auferre
683 1032 903 1074 possumus
927 1034 937 1058 ε
987 1020 1185 1060 Adimere
1214 1021 1428 1060 iubemur:
1455 1020 1548 1060 Eri-

288 1105 395 1145 pere
426 1076 619 1131 valemus}

347 1162 540 1200 Studium
570 1171 612 1201 et
641 1162 931 1215 Disciplinam.
966 1161 1159 1202 Studium
1190 1162 1315 1201 animi
1341 1166 1420 1203 est.
1471 1162 1547 1202 Di.

291 1232 460 1285 sciplina
490 1233 605 1273 artis.

316 1323 319 1324 ⁷
346 1302 554 1342 Inchoare
584 1310 628 1342 et
657 1303 861 1356 incipere.
893 1303 1066 1343 Inchoat
1096 1303 1168 1356 qui
1196 1303 1404 1344 incertum
1430 1303 1542 1344 facit.

288 1373 443 1426 Incipit
473 1374 589 1412 cuius
618 1373 774 1412 exitum
803 1382 954 1425 sperat.

342 1445 509 1482 Bonum
562 1453 604 1483 ct
649 1445 923 1485 commodum.
975 1446 1119 1483 Bonus
1166 1444 1391 1498 opponitur
1431 1445 1543 1484 malo

289 1527 410 1567 quam
453 1514 544 1552 aliis
586 1528 674 1556 usu.
726 1514 979 1554 Commodus
1008 1515 1098 1553 aliis
1129 1515 1369 1554 necessario
1396 1515 1544 1570 utique

286 1584 476 1638 prodest.

346 1656 580 1694 Decentem
608 1663 651 1694 et
679 1653 921 1693 formosum.
993 1656 1164 1695 Decens
1191 1655 1235 1694 in
1263 1663 1382 1709 gestu
1409 1663 1475 1696 est
1503 1665 1545 1696 et

286 1734 405 1765 motu
443 1727 649 1779 corporis.
697 1726 926 1765 Formosus
963 1725 1015 1765 ab
1055 1726 1282 1766 excellenti
1309 1726 1453 1780 specie
1481 1725 1542 1766 di-

286 1797 408 1836 citur.

340 1868 556 1906 Decorem
586 1874 629 1906 et
657 1866 856 1918 speciem.
922 1868 1069 1907 Decor
1098 1868 1326 1908 communis
1361 1876 1424 1908 est
1453 1880 1541 1908 om-

285 1938 426 1976 nium:
468 1938 502 1976 is
531 1937 634 1976 facit
665 1936 898 1976 decentiam
926 1938 1094 1991 speciei.
1164 1939 1339 1992 Species
1366 1939 1542 1992 propria

285 2016 350 2047 est
380 2007 624 2061 cuiusque,
661 2009 806 2061 Itaque
835 2009 979 2048 Decor
1006 2009 1050 2047 in
1078 2008 1222 2051 habitu
1252 2017 1340 2050 est.
1369 2010 1541 2063 Species

264 2057 328 2117 'n
355 2078 566 2117 membris.

339 2149 479 2188 Litem
509 2156 551 2187 et
579 2147 920 2188 controversiam.
965 2148 1037 2187 Lis
1064 2148 1274 2188 nascitur:
1303 2149 1540 2190 Pertinacia

285 2218 420 2259 efficit
457 2218 809 2267 controversiam,
849 2226 898 2257 ut
924 2217 1090 2271 litigent
1125 2218 1336 2258 homines:
1379 2221 1469 2260 Res
1495 2221 1538 2260 in

285 2290 612 2330 controversiam
655 2288 894 2330 deducitur.
941 2290 1006 2328 Ita
1047 2289 1348 2331 Controversia
1386 2291 1538 2345 partis:

284 2361 357 2400 Lis
388 2373 586 2399 summae.

337 2431 485 2483 Rixam
513 2439 556 2470 et
581 2443 774 2484 pugnam.
804 2429 911 2468 Rixa
940 2429 1029 2468 sine
1059 2429 1184 2469 armis
1212 2439 1306 2482 est,
1338 2439 1383 2472 et
1409 2431 1537 2472 habet

283 2500 588 2542 defensionem.
657 2501 801 2553 Pugna
829 2499 966 2553 legem
993 2499 1146 2551 habet,
1178 2501 1249 2543 vel
1273 2503 1531 2553 naturalem,

283 2573 353 2614 vel
390 2571 613 2622 moralem3
651 2580 720 2610 aut
757 2570 869 2610 enim
905 2571 1164 2624 palaestrans
1201 2571 1370 2612 exhibet
1404 2572 1533 2614 virtu-

280 2651 396 2693 tem,
435 2642 505 2684 vel
533 2642 658 2681 armis
684 2655 763 2696 per
799 2655 957 2681 summa
989 2641 1099 2684 vitae
1133 2642 1321 2696 pericula
1349 2642 1529 2686 dimicat.
