<?xml version="1.0" encoding="UTF-8"?>
<!DOCTYPE html PUBLIC "-//W3C//DTD XHTML 1.0 Transitional//EN"
    "http://www.w3.org/TR/xhtml1/DTD/xhtml1-transitional.dtd">
<html xmlns="http://www.w3.org/1999/xhtml" xml:lang="en" lang="en">
 <head>
  <title>
</title>
<meta http-equiv="Content-Type" content="text/html;charset=utf-8" />
  <meta name='ocr-system' content='tesseract 3.04.00' />
  <meta name='ocr-capabilities' content='ocr_page ocr_carea ocr_par ocr_line ocrx_word'/>
</head>
<body>
  <div class='ocr_page' id='page_1' title='image "./operaomnia02horauoft_0299.png"; bbox 0 0 1664 3074; ppageno 0'>
   <div class='ocr_carea' id='block_1_1' title="bbox 539 285 1460 339">
    <p class='ocr_par' dir='ltr' id='par_1_1' title="bbox 539 285 1460 339">
     <span class='ocr_line' id='line_1_1' title="bbox 539 285 1460 339; baseline 0 -12"><span class='ocrx_word' id='word_1_1' title='bbox 539 285 1080 332; x_wconf 77' lang='lat' dir='ltr'><strong>ELOCUTmNUM.</strong></span> <span class='ocrx_word' id='word_1_2' title='bbox 1377 286 1460 339; x_wconf 85' lang='lat'><strong>507</strong></span> 
     </span>
    </p>
   </div>
   <div class='ocr_carea' id='block_1_2' title="bbox 167 408 1468 2353">
    <p class='ocr_par' dir='ltr' id='par_1_2' title="bbox 168 408 1468 1394">
     <span class='ocr_line' id='line_1_2' title="bbox 168 408 1459 466; baseline -0.003 -14"><span class='ocrx_word' id='word_1_3' title='bbox 168 410 358 457; x_wconf 85' lang='lat' dir='ltr'><strong>Dimidio</strong></span> <span class='ocrx_word' id='word_1_4' title='bbox 381 410 518 466; x_wconf 84' lang='lat' dir='ltr'><strong>pluris</strong></span> <span class='ocrx_word' id='word_1_5' title='bbox 551 410 597 450; x_wconf 86' lang='lat' dir='ltr'><strong>id</strong></span> <span class='ocrx_word' id='word_1_6' title='bbox 622 419 685 451; x_wconf 84' lang='lat' dir='ltr'><strong>est</strong></span> <span class='ocrx_word' id='word_1_7' title='bbox 713 408 856 463; x_wconf 82' lang='lat' dir='ltr'><strong>duplo.</strong></span> <span class='ocrx_word' id='word_1_8' title='bbox 882 408 970 451; x_wconf 84' lang='lat' dir='ltr'><strong>Cic.</strong></span> <span class='ocrx_word' id='word_1_9' title='bbox 1000 410 1043 449; x_wconf 90' lang='lat' dir='ltr'><strong>in</strong></span> <span class='ocrx_word' id='word_1_10' title='bbox 1061 409 1360 450; x_wconf 80' lang='lat' dir='ltr'><strong>Frumentaria</strong></span> <span class='ocrx_word' id='word_1_11' title='bbox 1390 410 1459 451; x_wconf 82' lang='lat'><strong>32.</strong></span> 
     </span>
     <span class='ocr_line' id='line_1_3' title="bbox 223 476 1462 532; baseline -0.002 -14"><span class='ocrx_word' id='word_1_12' title='bbox 223 479 279 522; x_wconf 83' lang='lat' dir='ltr'><strong>de</strong></span> <span class='ocrx_word' id='word_1_13' title='bbox 311 477 512 518; x_wconf 88' lang='lat' dir='ltr'><strong>Decumis</strong></span> <span class='ocrx_word' id='word_1_14' title='bbox 539 476 860 517; x_wconf 87' lang='lat' dir='ltr'><strong>Herbitensium</strong></span> <span class='ocrx_word' id='word_1_15' title='bbox 890 490 971 532; x_wconf 85' lang='lat' dir='ltr'><strong>per</strong></span> <span class='ocrx_word' id='word_1_16' title='bbox 1000 476 1228 517; x_wconf 84' lang='lat' dir='ltr'><strong>triennium</strong></span> <span class='ocrx_word' id='word_1_17' title='bbox 1257 477 1334 526; x_wconf 84' lang='lat'>(¹),</span> <span class='ocrx_word' id='word_1_18' title='bbox 1365 490 1462 516; x_wconf 86' lang='lat' dir='ltr'><strong>cum</strong></span> 
     </span>
     <span class='ocr_line' id='line_1_4' title="bbox 222 532 1460 601; baseline -0.002 -16"><span class='ocrx_word' id='word_1_19' title='bbox 222 532 364 601; x_wconf 78' lang='lat' dir='ltr'><strong>primo</strong></span> <span class='ocrx_word' id='word_1_20' title='bbox 405 558 514 585; x_wconf 80' lang='lat' dir='ltr'><strong>anno</strong></span> <span class='ocrx_word' id='word_1_21' title='bbox 553 544 748 587; x_wconf 84' lang='lat' dir='ltr'><strong>venditas</strong></span> <span class='ocrx_word' id='word_1_22' title='bbox 777 543 889 584; x_wconf 83' lang='lat' dir='ltr'><strong>dicat</strong></span> <span class='ocrx_word' id='word_1_23' title='bbox 926 542 1060 584; x_wconf 77' lang='lat' dir='ltr'><strong>tritici</strong></span> <span class='ocrx_word' id='word_1_24' title='bbox 1090 544 1243 584; x_wconf 86' lang='lat' dir='ltr'><strong>modiis</strong></span> <span class='ocrx_word' id='word_1_25' title='bbox 1273 557 1460 584; x_wconf 79' lang='lat' dir='ltr'><strong>xxxxuu.</strong></span> 
     </span>
     <span class='ocr_line' id='line_1_5' title="bbox 222 610 1463 653; baseline -0.002 0"><span class='ocrx_word' id='word_1_26' title='bbox 222 612 405 653; x_wconf 78' lang='lat' dir='ltr'><strong>milibus.</strong></span> <span class='ocrx_word' id='word_1_27' title='bbox 437 613 634 653; x_wconf 88' lang='lat' dir='ltr'><strong>Secundo</strong></span> <span class='ocrx_word' id='word_1_28' title='bbox 660 611 794 652; x_wconf 83' lang='lat' dir='ltr'><strong>tritici</strong></span> <span class='ocrx_word' id='word_1_29' title='bbox 823 610 976 651; x_wconf 84' lang='lat' dir='ltr'><strong>modiis</strong></span> <span class='ocrx_word' id='word_1_30' title='bbox 1006 625 1100 651; x_wconf 67' lang='lat' dir='ltr'><strong>xxv.</strong></span> <span class='ocrx_word' id='word_1_31' title='bbox 1132 611 1304 652; x_wconf 87' lang='lat' dir='ltr'><strong>milibus</strong></span> <span class='ocrx_word' id='word_1_32' title='bbox 1335 625 1463 653; x_wconf 85' lang='lat' dir='ltr'><strong>Decc.</strong></span> 
     </span>
     <span class='ocr_line' id='line_1_6' title="bbox 223 677 1462 734; baseline -0.003 -14"><span class='ocrx_word' id='word_1_33' title='bbox 223 679 350 722; x_wconf 81' lang='lat' dir='ltr'><strong>Anno</strong></span> <span class='ocrx_word' id='word_1_34' title='bbox 381 679 514 720; x_wconf 86' lang='lat' dir='ltr'><strong>tertio</strong></span> <span class='ocrx_word' id='word_1_35' title='bbox 543 693 672 734; x_wconf 77' lang='lat' dir='ltr'><strong>supra</strong></span> <span class='ocrx_word' id='word_1_36' title='bbox 699 680 864 722; x_wconf 80' lang='lat' dir='ltr'><strong>iacente</strong></span> <span class='ocrx_word' id='word_1_37' title='bbox 892 678 1159 719; x_wconf 85' lang='lat' dir='ltr'><strong>Aeschrione</strong></span> <span class='ocrx_word' id='word_1_38' title='bbox 1188 679 1379 720; x_wconf 82' lang='lat' dir='ltr'><strong>venditas</strong></span> <span class='ocrx_word' id='word_1_39' title='bbox 1401 677 1462 716; x_wconf 85' lang='lat' dir='ltr'><strong>di-</strong></span> 
     </span>
     <span class='ocr_line' id='line_1_7' title="bbox 224 744 1463 788; baseline -0.004 0"><span class='ocrx_word' id='word_1_40' title='bbox 224 756 325 788; x_wconf 83' lang='lat' dir='ltr'><strong>cunt</strong></span> <span class='ocrx_word' id='word_1_41' title='bbox 351 745 574 787; x_wconf 82' lang='lat' dir='ltr'><strong>medimnis</strong></span> <span class='ocrx_word' id='word_1_42' title='bbox 602 748 684 786; x_wconf 90' lang='lat'><strong>1111.</strong></span> <span class='ocrx_word' id='word_1_43' title='bbox 716 745 889 786; x_wconf 81' lang='lat' dir='ltr'><strong>milibus</strong></span> <span class='ocrx_word' id='word_1_44' title='bbox 919 755 1107 788; x_wconf 87' lang='lat' dir='ltr'><strong>centum.</strong></span> <span class='ocrx_word' id='word_1_45' title='bbox 1161 746 1279 786; x_wconf 83' lang='lat' dir='ltr'>Idem</span> <span class='ocrx_word' id='word_1_46' title='bbox 1309 744 1463 786; x_wconf 82' lang='lat' dir='ltr'><strong>modiis</strong></span> 
     </span>
     <span class='ocr_line' id='line_1_8' title="bbox 219 813 1462 868; baseline -0.004 -13"><span class='ocrx_word' id='word_1_47' title='bbox 219 828 350 862; x_wconf 73' lang='lat' dir='ltr'><strong>vau.</strong></span> <span class='ocrx_word' id='word_1_48' title='bbox 391 813 562 854; x_wconf 85' lang='lat' dir='ltr'><strong>milibus</strong></span> <span class='ocrx_word' id='word_1_49' title='bbox 599 813 723 855; x_wconf 86' lang='lat' dir='ltr'><strong>dietis</strong></span> <span class='ocrx_word' id='word_1_50' title='bbox 765 813 893 868; x_wconf 82' lang='lat' dir='ltr'><strong>dupla</strong></span> <span class='ocrx_word' id='word_1_51' title='bbox 932 828 1093 853; x_wconf 85' lang='lat' dir='ltr'><strong>summa</strong></span> <span class='ocrx_word' id='word_1_52' title='bbox 1133 827 1228 853; x_wconf 84' lang='lat' dir='ltr'><strong>cum</strong></span> <span class='ocrx_word' id='word_1_53' title='bbox 1261 813 1462 868; x_wconf 77' lang='lat' dir='ltr'><strong>proxime</strong></span> 
     </span>
     <span class='ocr_line' id='line_1_9' title="bbox 221 880 1460 935; baseline -0.002 -15"><span class='ocrx_word' id='word_1_54' title='bbox 221 880 434 922; x_wconf 80' lang='lat' dir='ltr'><strong>addicitur</strong></span> <span class='ocrx_word' id='word_1_55' title='bbox 473 881 711 922; x_wconf 88' lang='lat' dir='ltr'><strong>medimnis.</strong></span> <span class='ocrx_word' id='word_1_56' title='bbox 754 896 844 924; x_wconf 76' lang='lat' dir='ltr'><strong>vui.</strong></span> <span class='ocrx_word' id='word_1_57' title='bbox 887 882 1059 923; x_wconf 84' lang='lat' dir='ltr'><strong>milibus</strong></span> <span class='ocrx_word' id='word_1_58' title='bbox 1099 883 1145 924; x_wconf 91' lang='lat' dir='ltr'><strong>C.</strong></span> <span class='ocrx_word' id='word_1_59' title='bbox 1187 881 1284 922; x_wconf 81' lang='lat' dir='ltr'><strong>sere</strong></span> <span class='ocrx_word' id='word_1_60' title='bbox 1323 880 1460 935; x_wconf 80' lang='lat' dir='ltr'><strong>pluris</strong></span> 
     </span>
     <span class='ocr_line' id='line_1_10' title="bbox 223 949 1464 1005; baseline 0.002 -18"><span class='ocrx_word' id='word_1_61' title='bbox 223 962 347 1005; x_wconf 64' lang='lat' dir='ltr'><strong>quem</strong></span> <span class='ocrx_word' id='word_1_62' title='bbox 378 949 601 1002; x_wconf 80' lang='lat' dir='ltr'><strong>superiore</strong></span> <span class='ocrx_word' id='word_1_63' title='bbox 631 964 754 990; x_wconf 82' lang='lat' dir='ltr'><strong>anno.</strong></span> <span class='ocrx_word' id='word_1_64' title='bbox 787 949 907 990; x_wconf 87' lang='lat' dir='ltr'><strong>Idem</strong></span> <span class='ocrx_word' id='word_1_65' title='bbox 942 963 1025 1003; x_wconf 86' lang='lat' dir='ltr'><strong>pro</strong></span> <span class='ocrx_word' id='word_1_66' title='bbox 1055 951 1210 990; x_wconf 74' lang='lat' dir='ltr'><strong>Flacco</strong></span> <span class='ocrx_word' id='word_1_67' title='bbox 1241 962 1307 989; x_wconf 80' lang='lat'><strong>20.</strong></span> <span class='ocrx_word' id='word_1_68' title='bbox 1367 952 1464 989; x_wconf 81' lang='lat' dir='ltr'><strong>Ha-</strong></span> 
     </span>
     <span class='ocr_line' id='line_1_11' title="bbox 222 1015 1465 1074; baseline 0.001 -18"><span class='ocrx_word' id='word_1_69' title='bbox 222 1015 351 1061; x_wconf 75' lang='lat' dir='ltr'><strong>b&#39;ebac</strong></span> <span class='ocrx_word' id='word_1_70' title='bbox 368 1021 478 1058; x_wconf 81' lang='lat' dir='ltr'><strong>enim</strong></span> <span class='ocrx_word' id='word_1_71' title='bbox 497 1018 668 1058; x_wconf 75' lang='lat' dir='ltr'><strong>Rhecor</strong></span> <span class='ocrx_word' id='word_1_72' title='bbox 684 1020 767 1058; x_wconf 72' lang='lat' dir='ltr'><strong>iste</strong></span> <span class='ocrx_word' id='word_1_73' title='bbox 784 1019 1022 1070; x_wconf 81' lang='lat' dir='ltr'><strong>discipulos</strong></span> <span class='ocrx_word' id='word_1_74' title='bbox 1041 1034 1148 1074; x_wconf 84' lang='lat' dir='ltr'><strong>quos</strong></span> <span class='ocrx_word' id='word_1_75' title='bbox 1166 1019 1349 1059; x_wconf 76' lang='lat' dir='ltr'><strong>dimidio</strong></span> <span class='ocrx_word' id='word_1_76' title='bbox 1368 1018 1465 1057; x_wconf 82' lang='lat' dir='ltr'><strong>red·</strong></span> 
     </span>
     <span class='ocr_line' id='line_1_12' title="bbox 223 1085 1466 1139; baseline 0.001 -15"><span class='ocrx_word' id='word_1_77' title='bbox 223 1085 348 1125; x_wconf 75' lang='lat' dir='ltr'><strong>deret</strong></span> <span class='ocrx_word' id='word_1_78' title='bbox 372 1086 597 1126; x_wconf 74' lang='lat' dir='ltr'><strong>stultiores</strong></span> <span class='ocrx_word' id='word_1_79' title='bbox 625 1100 754 1139; x_wconf 84' lang='lat' dir='ltr'><strong>quam</strong></span> <span class='ocrx_word' id='word_1_80' title='bbox 789 1095 1042 1139; x_wconf 75' lang='lat' dir='ltr'><strong>acceperat:</strong></span> <span class='ocrx_word' id='word_1_81' title='bbox 1092 1090 1298 1128; x_wconf 84' lang='lat' dir='ltr'><strong>neminem</strong></span> <span class='ocrx_word' id='word_1_82' title='bbox 1320 1095 1466 1126; x_wconf 76' lang='lat' dir='ltr'><strong>tamen</strong></span> 
     </span>
     <span class='ocr_line' id='line_1_13' title="bbox 222 1147 1463 1212; baseline 0.003 -20"><span class='ocrx_word' id='word_1_83' title='bbox 222 1151 334 1192; x_wconf 79' lang='lat' dir='ltr'><strong>adeo</strong></span> <span class='ocrx_word' id='word_1_84' title='bbox 348 1147 578 1212; x_wconf 73' lang='lat' dir='ltr'><strong>infatuare</strong></span> <span class='ocrx_word' id='word_1_85' title='bbox 584 1159 750 1206; x_wconf 68' lang='lat' dir='ltr'><strong>potuit,</strong></span> <span class='ocrx_word' id='word_1_86' title='bbox 771 1163 820 1193; x_wconf 74' lang='lat' dir='ltr'><strong>uc</strong></span> <span class='ocrx_word' id='word_1_87' title='bbox 844 1156 886 1194; x_wconf 87' lang='lat' dir='ltr'><strong>ei</strong></span> <span class='ocrx_word' id='word_1_88' title='bbox 901 1169 1114 1194; x_wconf 86' lang='lat' dir='ltr'><strong>nummum</strong></span> <span class='ocrx_word' id='word_1_89' title='bbox 1129 1153 1463 1196; x_wconf 62' lang='lat' dir='ltr'><strong>concedentem).</strong></span> 
     </span>
     <span class='ocr_line' id='line_1_14' title="bbox 222 1217 1466 1275; baseline 0.002 -18"><span class='ocrx_word' id='word_1_90' title='bbox 222 1217 350 1259; x_wconf 84' lang='lat' dir='ltr'><strong>Dedo</strong></span> <span class='ocrx_word' id='word_1_91' title='bbox 377 1218 444 1258; x_wconf 82' lang='lat' dir='ltr'><strong>illi</strong></span> <span class='ocrx_word' id='word_1_92' title='bbox 471 1219 549 1259; x_wconf 87' lang='lat' dir='ltr'><strong>rei.</strong></span> <span class='ocrx_word' id='word_1_93' title='bbox 583 1219 703 1259; x_wconf 89' lang='lat' dir='ltr'><strong>Idem</strong></span> <span class='ocrx_word' id='word_1_94' title='bbox 734 1233 817 1274; x_wconf 88' lang='lat' dir='ltr'><strong>pro</strong></span> <span class='ocrx_word' id='word_1_95' title='bbox 849 1219 989 1260; x_wconf 85' lang='lat' dir='ltr'><strong>Gotho</strong></span> <span class='ocrx_word' id='word_1_96' title='bbox 1006 1219 1060 1265; x_wconf 87' lang='lat'><strong>(3)</strong></span> <span class='ocrx_word' id='word_1_97' title='bbox 1089 1233 1184 1275; x_wconf 72' lang='lat'><strong>992.</strong></span> <span class='ocrx_word' id='word_1_98' title='bbox 1234 1223 1326 1262; x_wconf 82' lang='lat' dir='ltr'><strong>Hic</strong></span> <span class='ocrx_word' id='word_1_99' title='bbox 1352 1223 1394 1262; x_wconf 85' lang='lat' dir='ltr'><strong>si</strong></span> <span class='ocrx_word' id='word_1_100' title='bbox 1419 1233 1466 1260; x_wconf 84' lang='lat' dir='ltr'><strong>se</strong></span> 
     </span>
     <span class='ocr_line' id='line_1_15' title="bbox 223 1287 1468 1342; baseline -0.001 -15"><span class='ocrx_word' id='word_1_101' title='bbox 223 1287 350 1327; x_wconf 78' lang='lat' dir='ltr'><strong>iscius</strong></span> <span class='ocrx_word' id='word_1_102' title='bbox 377 1289 480 1328; x_wconf 82' lang='lat' dir='ltr'><strong>viae</strong></span> <span class='ocrx_word' id='word_1_103' title='bbox 509 1288 711 1330; x_wconf 75' lang='lat' dir='ltr'><strong>ded-&#39;ssec.</strong></span> <span class='ocrx_word' id='word_1_104' title='bbox 741 1287 861 1342; x_wconf 83' lang='lat' dir='ltr'><strong>Virg.</strong></span> <span class='ocrx_word' id='word_1_105' title='bbox 897 1287 1057 1342; x_wconf 77' lang='lat' dir='ltr'><strong>Georg.</strong></span> <span class='ocrx_word' id='word_1_106' title='bbox 1088 1289 1171 1327; x_wconf 86' lang='lat' dir='ltr'><strong>ml.</strong></span> <span class='ocrx_word' id='word_1_107' title='bbox 1204 1300 1272 1342; x_wconf 83' lang='lat' dir='ltr'><strong>qo.</strong></span> <span class='ocrx_word' id='word_1_108' title='bbox 1335 1287 1468 1330; x_wconf 79' lang='lat' dir='ltr'><strong>Dede</strong></span> 
     </span>
     <span class='ocr_line' id='line_1_16' title="bbox 225 1356 332 1394; baseline -0.009 -2"><span class='ocrx_word' id='word_1_109' title='bbox 225 1356 332 1394; x_wconf 79' lang='lat' dir='ltr'><strong>neci.</strong></span> 
     </span>
    </p>

    <p class='ocr_par' dir='ltr' id='par_1_3' title="bbox 169 1416 1468 1464">
     <span class='ocr_line' id='line_1_17' title="bbox 169 1416 1468 1464; baseline 0.005 -7"><span class='ocrx_word' id='word_1_110' title='bbox 169 1416 294 1458; x_wconf 85' lang='lat' dir='ltr'><strong>Dedo</strong></span> <span class='ocrx_word' id='word_1_111' title='bbox 331 1419 374 1458; x_wconf 87' lang='lat' dir='ltr'><strong>in</strong></span> <span class='ocrx_word' id='word_1_112' title='bbox 404 1418 519 1458; x_wconf 84' lang='lat' dir='ltr'><strong>illam</strong></span> <span class='ocrx_word' id='word_1_113' title='bbox 548 1432 654 1460; x_wconf 82' lang='lat' dir='ltr'><strong>rem.</strong></span> <span class='ocrx_word' id='word_1_114' title='bbox 689 1421 792 1460; x_wconf 85' lang='lat' dir='ltr'><strong>Ter.</strong></span> <span class='ocrx_word' id='word_1_115' title='bbox 823 1420 933 1462; x_wconf 87' lang='lat' dir='ltr'><strong>And.</strong></span> <span class='ocrx_word' id='word_1_116' title='bbox 972 1438 1006 1460; x_wconf 87' lang='lat'><strong>1.</strong></span> <span class='ocrx_word' id='word_1_117' title='bbox 1038 1434 1076 1462; x_wconf 76' lang='lat'><strong>2.</strong></span> <span class='ocrx_word' id='word_1_118' title='bbox 1110 1421 1174 1461; x_wconf 76' lang='lat'><strong>28.</strong></span> <span class='ocrx_word' id='word_1_119' title='bbox 1212 1423 1394 1464; x_wconf 73' lang='lat' dir='ltr'><strong>Caesam</strong></span> <span class='ocrx_word' id='word_1_120' title='bbox 1422 1431 1468 1464; x_wconf 72' lang='lat' dir='ltr'><strong>be</strong></span> 
     </span>
    </p>

    <p class='ocr_par' dir='ltr' id='par_1_4' title="bbox 194 1488 980 1540">
     <span class='ocr_line' id='line_1_18' title="bbox 194 1488 980 1540; baseline 0.003 -15"><span class='ocrx_word' id='word_1_121' title='bbox 194 1488 269 1526; x_wconf 83' lang='lat' dir='ltr'><strong><em>·1&#39;n</em></strong></span> <span class='ocrx_word' id='word_1_122' title='bbox 295 1490 559 1540; x_wconf 76' lang='lat' dir='ltr'><strong>pistrinum,</strong></span> <span class='ocrx_word' id='word_1_123' title='bbox 604 1490 766 1537; x_wconf 71' lang='lat' dir='ltr'><strong>Dave,</strong></span> <span class='ocrx_word' id='word_1_124' title='bbox 810 1490 980 1530; x_wconf 84' lang='lat' dir='ltr'><strong>dedam.</strong></span> 
     </span>
    </p>

    <p class='ocr_par' dir='ltr' id='par_1_5' title="bbox 167 1551 1468 1807">
     <span class='ocr_line' id='line_1_19' title="bbox 167 1551 1462 1607; baseline 0.005 -16"><span class='ocrx_word' id='word_1_125' title='bbox 167 1551 293 1592; x_wconf 84' lang='lat' dir='ltr'><strong>Dede</strong></span> <span class='ocrx_word' id='word_1_126' title='bbox 321 1553 374 1592; x_wconf 83' lang='lat' dir='ltr'><strong>ad</strong></span> <span class='ocrx_word' id='word_1_127' title='bbox 412 1554 507 1594; x_wconf 91' lang='lat' dir='ltr'><strong>hoc.</strong></span> <span class='ocrx_word' id='word_1_128' title='bbox 548 1554 636 1594; x_wconf 86' lang='lat' dir='ltr'><strong>Cic.</strong></span> <span class='ocrx_word' id='word_1_129' title='bbox 675 1568 756 1607; x_wconf 86' lang='lat' dir='ltr'><strong>pro</strong></span> <span class='ocrx_word' id='word_1_130' title='bbox 799 1555 1000 1595; x_wconf 80' lang='lat' dir='ltr'><strong>Cornelio</strong></span> <span class='ocrx_word' id='word_1_131' title='bbox 1047 1566 1144 1607; x_wconf 70' lang='lat'><strong>99¹·</strong></span> <span class='ocrx_word' id='word_1_132' title='bbox 1200 1558 1275 1597; x_wconf 87' lang='lat' dir='ltr'><strong>Ad</strong></span> <span class='ocrx_word' id='word_1_133' title='bbox 1313 1560 1462 1599; x_wconf 82' lang='lat' dir='ltr'><strong>miser-</strong></span> 
     </span>
     <span class='ocr_line' id='line_1_20' title="bbox 224 1622 1467 1678; baseline 0.005 -19"><span class='ocrx_word' id='word_1_134' title='bbox 224 1622 380 1661; x_wconf 84' lang='lat' dir='ltr'><strong>rimum</strong></span> <span class='ocrx_word' id='word_1_135' title='bbox 411 1623 836 1678; x_wconf 78' lang='lat' dir='ltr'><strong>crudelissimumque</strong></span> <span class='ocrx_word' id='word_1_136' title='bbox 866 1625 1135 1665; x_wconf 76' lang='lat' dir='ltr'><strong>dominatum</strong></span> <span class='ocrx_word' id='word_1_137' title='bbox 1176 1625 1280 1665; x_wconf 84' lang='lat' dir='ltr'><strong>dedi</strong></span> <span class='ocrx_word' id='word_1_138' title='bbox 1317 1629 1467 1678; x_wconf 75' lang='lat' dir='ltr'><strong>pacia-</strong></span> 
     </span>
     <span class='ocr_line' id='line_1_21' title="bbox 227 1687 1468 1747; baseline 0.006 -20"><span class='ocrx_word' id='word_1_139' title='bbox 227 1689 348 1730; x_wconf 85' lang='lat' dir='ltr'><strong>mini.</strong></span> <span class='ocrx_word' id='word_1_140' title='bbox 381 1687 500 1728; x_wconf 90' lang='lat' dir='ltr'><strong>Idem</strong></span> <span class='ocrx_word' id='word_1_141' title='bbox 532 1701 613 1742; x_wconf 86' lang='lat' dir='ltr'><strong>pro</strong></span> <span class='ocrx_word' id='word_1_142' title='bbox 646 1688 846 1730; x_wconf 86' lang='lat' dir='ltr'><strong>Cluentio</strong></span> <span class='ocrx_word' id='word_1_143' title='bbox 880 1691 948 1747; x_wconf 75' lang='lat'><strong>69.</strong></span> <span class='ocrx_word' id='word_1_144' title='bbox 1004 1693 1093 1732; x_wconf 83' lang='lat' dir='ltr'><strong>Sed</strong></span> <span class='ocrx_word' id='word_1_145' title='bbox 1119 1692 1252 1744; x_wconf 84' lang='lat' dir='ltr'><strong>plane</strong></span> <span class='ocrx_word' id='word_1_146' title='bbox 1280 1695 1340 1732; x_wconf 84' lang='lat' dir='ltr'><strong>ad</strong></span> <span class='ocrx_word' id='word_1_147' title='bbox 1367 1709 1468 1747; x_wconf 82' lang='lat' dir='ltr'><strong>sup-</strong></span> 
     </span>
     <span class='ocr_line' id='line_1_22' title="bbox 224 1754 704 1807; baseline 0.008 -13"><span class='ocrx_word' id='word_1_148' title='bbox 224 1754 406 1807; x_wconf 77' lang='lat' dir='ltr'><strong>plicium</strong></span> <span class='ocrx_word' id='word_1_149' title='bbox 433 1758 605 1797; x_wconf 77' lang='lat' dir='ltr'><strong>dedidit</strong></span> <span class='ocrx_word' id='word_1_150' title='bbox 636 1754 704 1798; x_wconf 74' lang='grc'><strong>(4).</strong></span> 
     </span>
    </p>

    <p class='ocr_par' dir='ltr' id='par_1_6' title="bbox 171 1819 1344 1880">
     <span class='ocr_line' id='line_1_23' title="bbox 171 1819 1344 1880; baseline 0.006 -22"><span class='ocrx_word' id='word_1_151' title='bbox 171 1819 255 1859; x_wconf 66' lang='lat' dir='ltr'><strong>Dat</strong></span> <span class='ocrx_word' id='word_1_152' title='bbox 284 1819 360 1860; x_wconf 77' lang='lat' dir='ltr'><strong>illi.</strong></span> <span class='ocrx_word' id='word_1_153' title='bbox 388 1822 509 1876; x_wconf 80' lang='lat' dir='ltr'><strong>Virg.</strong></span> <span class='ocrx_word' id='word_1_154' title='bbox 542 1824 648 1863; x_wconf 85' lang='lat' dir='ltr'><strong>Aen.</strong></span> <span class='ocrx_word' id='word_1_155' title='bbox 680 1838 794 1864; x_wconf 81' lang='lat' dir='ltr'><strong>vnn.</strong></span> <span class='ocrx_word' id='word_1_156' title='bbox 817 1825 889 1868; x_wconf 81' lang='lat'><strong>83.</strong></span> <span class='ocrx_word' id='word_1_157' title='bbox 918 1827 1003 1866; x_wconf 82' lang='lat' dir='ltr'><strong>Da</strong></span> <span class='ocrx_word' id='word_1_158' title='bbox 1031 1836 1134 1867; x_wconf 79' lang='lat' dir='ltr'><strong>nate</strong></span> <span class='ocrx_word' id='word_1_159' title='bbox 1161 1831 1344 1880; x_wconf 73' lang='lat' dir='ltr'><strong>petenti.</strong></span> 
     </span>
    </p>

    <p class='ocr_par' dir='ltr' id='par_1_7' title="bbox 171 1887 1467 2017">
     <span class='ocr_line' id='line_1_24' title="bbox 171 1887 1467 1936; baseline 0.008 -10"><span class='ocrx_word' id='word_1_160' title='bbox 171 1887 255 1927; x_wconf 87' lang='lat' dir='ltr'><strong>Dat</strong></span> <span class='ocrx_word' id='word_1_161' title='bbox 289 1887 334 1927; x_wconf 86' lang='lat' dir='ltr'><strong>in</strong></span> <span class='ocrx_word' id='word_1_162' title='bbox 367 1888 485 1929; x_wconf 84' lang='lat' dir='ltr'><strong>illud.</strong></span> <span class='ocrx_word' id='word_1_163' title='bbox 532 1890 651 1930; x_wconf 87' lang='lat' dir='ltr'><strong>Idem</strong></span> <span class='ocrx_word' id='word_1_164' title='bbox 693 1903 799 1930; x_wconf 81' lang='lat' dir='ltr'><strong>vnn.</strong></span> <span class='ocrx_word' id='word_1_165' title='bbox 832 1894 929 1933; x_wconf 75' lang='lat'><strong>815.</strong></span> <span class='ocrx_word' id='word_1_166' title='bbox 991 1895 1119 1934; x_wconf 68' lang='lat' dir='ltr'><em>Saltu</em></span> <span class='ocrx_word' id='word_1_167' title='bbox 1151 1909 1241 1936; x_wconf 80' lang='lat' dir='ltr'><strong>sese</strong></span> <span class='ocrx_word' id='word_1_168' title='bbox 1275 1895 1467 1936; x_wconf 81' lang='lat' dir='ltr'><strong>omnibus</strong></span> 
     </span>
     <span class='ocr_line' id='line_1_25' title="bbox 227 1955 815 2017; baseline 0.009 -22"><span class='ocrx_word' id='word_1_169' title='bbox 227 1970 360 1996; x_wconf 83' lang='lat' dir='ltr'><strong>arms</strong></span> <span class='ocrx_word' id='word_1_170' title='bbox 388 1960 441 1996; x_wconf 87' lang='lat' dir='ltr'><strong>In</strong></span> <span class='ocrx_word' id='word_1_171' title='bbox 456 1955 590 2017; x_wconf 74' lang='lat' dir='ltr'><strong>fluvi</strong></span> <span class='ocrx_word' id='word_1_172' title='bbox 590 1975 645 1999; x_wconf 89' lang='lat' dir='ltr'><strong>m</strong></span> <span class='ocrx_word' id='word_1_173' title='bbox 678 1960 815 2001; x_wconf 75' lang='lat' dir='ltr'><strong>dedi:-</strong></span> 
     </span>
    </p>

    <p class='ocr_par' dir='ltr' id='par_1_8' title="bbox 171 2021 1465 2142">
     <span class='ocr_line' id='line_1_26' title="bbox 171 2021 1465 2084; baseline 0.006 -21"><span class='ocrx_word' id='word_1_174' title='bbox 171 2021 254 2063; x_wconf 81' lang='lat' dir='ltr'><strong>Dat</strong></span> <span class='ocrx_word' id='word_1_175' title='bbox 275 2021 327 2061; x_wconf 84' lang='lat' dir='ltr'><strong>ad</strong></span> <span class='ocrx_word' id='word_1_176' title='bbox 350 2022 483 2063; x_wconf 83' lang='lat' dir='ltr'><strong>illum.</strong></span> <span class='ocrx_word' id='word_1_177' title='bbox 509 2027 610 2064; x_wconf 88' lang='lat' dir='ltr'><strong>Ter.</strong></span> <span class='ocrx_word' id='word_1_178' title='bbox 633 2027 760 2066; x_wconf 74' lang='grc' dir='ltr'><strong>Ρὴοι.</strong></span> <span class='ocrx_word' id='word_1_179' title='bbox 780 2034 821 2076; x_wconf 73' lang='grc'><strong>4.</strong></span> <span class='ocrx_word' id='word_1_180' title='bbox 841 2028 880 2070; x_wconf 85' lang='lat'><strong>3·</strong></span> <span class='ocrx_word' id='word_1_181' title='bbox 899 2026 968 2075; x_wconf 77' lang='lat'><strong>48</strong></span> <span class='ocrx_word' id='word_1_182' title='bbox 1009 2031 1337 2071; x_wconf 79' lang='lat' dir='ltr'><strong>Inservicutem</strong></span> <span class='ocrx_word' id='word_1_183' title='bbox 1356 2046 1465 2084; x_wconf 84' lang='lat' dir='ltr'><strong>pau-</strong></span> 
     </span>
     <span class='ocr_line' id='line_1_27' title="bbox 228 2094 776 2142; baseline 0.008 -11"><span class='ocrx_word' id='word_1_184' title='bbox 228 2105 373 2142; x_wconf 77' lang='lat' dir='ltr'><strong>per-em</strong></span> <span class='ocrx_word' id='word_1_185' title='bbox 403 2094 463 2131; x_wconf 86' lang='lat' dir='ltr'><strong>ad</strong></span> <span class='ocrx_word' id='word_1_186' title='bbox 490 2094 624 2134; x_wconf 78' lang='lat' dir='ltr'><strong>dicem</strong></span> <span class='ocrx_word' id='word_1_187' title='bbox 659 2096 776 2135; x_wconf 78' lang='lat' dir='ltr'><strong>dari.</strong></span> 
     </span>
    </p>

    <p class='ocr_par' dir='ltr' id='par_1_9' title="bbox 170 2156 1463 2217">
     <span class='ocr_line' id='line_1_28' title="bbox 170 2156 1463 2217; baseline 0.009 -22"><span class='ocrx_word' id='word_1_188' title='bbox 170 2156 383 2210; x_wconf 81' lang='lat' dir='ltr'><strong>Deposuit</strong></span> <span class='ocrx_word' id='word_1_189' title='bbox 411 2158 493 2198; x_wconf 86' lang='lat' dir='ltr'><strong>his.</strong></span> <span class='ocrx_word' id='word_1_190' title='bbox 527 2160 648 2216; x_wconf 72' lang='lat' dir='ltr'><strong>Vir-g.</strong></span> <span class='ocrx_word' id='word_1_191' title='bbox 682 2162 842 2215; x_wconf 80' lang='lat' dir='ltr'><strong>Georg.</strong></span> <span class='ocrx_word' id='word_1_192' title='bbox 873 2163 922 2201; x_wconf 86' lang='lat'><strong>11.</strong></span> <span class='ocrx_word' id='word_1_193' title='bbox 957 2169 1023 2211; x_wconf 77' lang='lat'><strong>24.</strong></span> <span class='ocrx_word' id='word_1_194' title='bbox 1064 2165 1291 2217; x_wconf 72' lang='lat' dir='ltr'><strong>Deposuit</strong></span> <span class='ocrx_word' id='word_1_195' title='bbox 1320 2168 1463 2209; x_wconf 81' lang='lat' dir='ltr'><strong>sulcis.</strong></span> 
     </span>
    </p>

    <p class='ocr_par' dir='ltr' id='par_1_10' title="bbox 170 2223 1464 2353">
     <span class='ocr_line' id='line_1_29' title="bbox 170 2223 1464 2286; baseline 0.009 -24"><span class='ocrx_word' id='word_1_196' title='bbox 170 2223 385 2278; x_wconf 85' lang='lat' dir='ltr'><strong>Deposuit</strong></span> <span class='ocrx_word' id='word_1_197' title='bbox 416 2225 459 2263; x_wconf 84' lang='lat' dir='ltr'><strong>in</strong></span> <span class='ocrx_word' id='word_1_198' title='bbox 490 2226 567 2266; x_wconf 87' lang='lat' dir='ltr'><strong>his.</strong></span> <span class='ocrx_word' id='word_1_199' title='bbox 599 2229 688 2269; x_wconf 84' lang='lat' dir='ltr'><strong>Cic.</strong></span> <span class='ocrx_word' id='word_1_200' title='bbox 720 2229 830 2268; x_wconf 89' lang='lat' dir='ltr'><strong>Phil.</strong></span> <span class='ocrx_word' id='word_1_201' title='bbox 859 2243 949 2268; x_wconf 82' lang='lat' dir='ltr'><strong>xm.</strong></span> <span class='ocrx_word' id='word_1_202' title='bbox 979 2245 1041 2269; x_wconf 87' lang='grc' dir='ltr'><strong>ιι.</strong></span> <span class='ocrx_word' id='word_1_203' title='bbox 1090 2233 1196 2272; x_wconf 81' lang='lat' dir='ltr'><strong>Cum</strong></span> <span class='ocrx_word' id='word_1_204' title='bbox 1222 2236 1266 2273; x_wconf 84' lang='lat' dir='ltr'><strong>in</strong></span> <span class='ocrx_word' id='word_1_205' title='bbox 1285 2238 1464 2286; x_wconf 80' lang='lat' dir='ltr'><strong>gremiis</strong></span> 
     </span>
     <span class='ocr_line' id='line_1_30' title="bbox 227 2295 1317 2353; baseline 0.008 -21"><span class='ocrx_word' id='word_1_206' title='bbox 227 2295 450 2334; x_wconf 79' lang='lat' dir='ltr'><strong>mimarum</strong></span> <span class='ocrx_word' id='word_1_207' title='bbox 479 2305 665 2337; x_wconf 70' lang='lat' dir='ltr'><strong>mentum</strong></span> <span class='ocrx_word' id='word_1_208' title='bbox 693 2306 956 2353; x_wconf 77' lang='lat' dir='ltr'><strong>mentemque</strong></span> <span class='ocrx_word' id='word_1_209' title='bbox 986 2300 1222 2352; x_wconf 74' lang='lat' dir='ltr'><strong>deponet-ec</strong></span> <span class='ocrx_word' id='word_1_210' title='bbox 1252 2297 1317 2343; x_wconf 79' lang='lat'><strong>(5).</strong></span> 
     </span>
    </p>
   </div>
   <div class='ocr_carea' id='block_1_3' title="bbox 163 2397 1456 2417">
    <p class='ocr_par' dir='ltr' id='par_1_11' title="bbox 163 2397 1456 2417">
     <span class='ocr_line' id='line_1_31' title="bbox 163 2397 1456 2417; baseline 0 657"><span class='ocrx_word' id='word_1_211' title='bbox 163 2397 1456 2417; x_wconf 95' lang='lat' dir='ltr'><strong> </strong></span> 
     </span>
    </p>
   </div>
   <div class='ocr_carea' id='block_1_4' title="bbox 175 2458 1465 2685">
    <p class='ocr_par' dir='ltr' id='par_1_12' title="bbox 175 2458 1465 2685">
     <span class='ocr_line' id='line_1_32' title="bbox 219 2458 1463 2513; baseline 0.01 -22"><span class='ocrx_word' id='word_1_212' title='bbox 219 2458 275 2505; x_wconf 79' lang='grc' dir='ltr'><strong>(ι)</strong></span> <span class='ocrx_word' id='word_1_213' title='bbox 299 2462 471 2495; x_wconf 78' lang='lat' dir='ltr'><strong>videndus</strong></span> <span class='ocrx_word' id='word_1_214' title='bbox 495 2464 551 2495; x_wconf 89' lang='lat' dir='ltr'><strong>hic</strong></span> <span class='ocrx_word' id='word_1_215' title='bbox 568 2465 662 2496; x_wconf 90' lang='lat' dir='ltr'><strong>locus</strong></span> <span class='ocrx_word' id='word_1_216' title='bbox 682 2466 717 2497; x_wconf 88' lang='lat' dir='ltr'><strong>in</strong></span> <span class='ocrx_word' id='word_1_217' title='bbox 733 2467 820 2498; x_wconf 81' lang='lat' dir='ltr'><strong>Edit.</strong></span> <span class='ocrx_word' id='word_1_218' title='bbox 838 2468 1028 2498; x_wconf 80' lang='lat' dir='ltr'><strong>Ciceronis:</strong></span> <span class='ocrx_word' id='word_1_219' title='bbox 1054 2479 1132 2499; x_wconf 85' lang='lat' dir='ltr'><strong>nam</strong></span> <span class='ocrx_word' id='word_1_220' title='bbox 1160 2478 1281 2500; x_wconf 80' lang='lat' dir='ltr'><strong>recens</strong></span> <span class='ocrx_word' id='word_1_221' title='bbox 1292 2478 1325 2501; x_wconf 88' lang='lat' dir='ltr'><strong>et</strong></span> <span class='ocrx_word' id='word_1_222' title='bbox 1345 2483 1463 2513; x_wconf 80' lang='lat' dir='ltr'><strong>parum</strong></span> 
     </span>
     <span class='ocr_line' id='line_1_33' title="bbox 175 2518 1464 2569; baseline 0.009 -20"><span class='ocrx_word' id='word_1_223' title='bbox 175 2518 293 2550; x_wconf 80' lang='lat' dir='ltr'><strong>doctus</strong></span> <span class='ocrx_word' id='word_1_224' title='bbox 315 2521 448 2551; x_wconf 82' lang='lat' dir='ltr'><strong>Codicis</strong></span> <span class='ocrx_word' id='word_1_225' title='bbox 475 2523 617 2564; x_wconf 83' lang='lat' dir='ltr'><strong>scriptor</strong></span> <span class='ocrx_word' id='word_1_226' title='bbox 630 2524 773 2555; x_wconf 81' lang='lat' dir='ltr'><strong>multam</strong></span> <span class='ocrx_word' id='word_1_227' title='bbox 797 2526 1035 2556; x_wconf 79' lang='lat' dir='ltr'><strong>obscuritatem</strong></span> <span class='ocrx_word' id='word_1_228' title='bbox 1061 2526 1191 2556; x_wconf 81' lang='lat' dir='ltr'><strong>invexit.</strong></span> <span class='ocrx_word' id='word_1_229' title='bbox 1219 2526 1271 2569; x_wconf 84' lang='lat'><strong>(2)</strong></span> <span class='ocrx_word' id='word_1_230' title='bbox 1284 2529 1371 2559; x_wconf 85' lang='lat' dir='ltr'><strong>Edit.</strong></span> <span class='ocrx_word' id='word_1_231' title='bbox 1391 2542 1464 2563; x_wconf 85' lang='lat' dir='ltr'><strong>cre·</strong></span> 
     </span>
     <span class='ocr_line' id='line_1_34' title="bbox 176 2576 1465 2628; baseline 0.011 -21"><span class='ocrx_word' id='word_1_232' title='bbox 176 2576 287 2610; x_wconf 78' lang='lat' dir='ltr'><strong>deret.</strong></span> <span class='ocrx_word' id='word_1_233' title='bbox 299 2579 422 2610; x_wconf 83' lang='lat' dir='ltr'><strong>Veram</strong></span> <span class='ocrx_word' id='word_1_234' title='bbox 437 2579 706 2623; x_wconf 85' lang='lat' dir='ltr'><strong>lectionemputo</strong></span> <span class='ocrx_word' id='word_1_235' title='bbox 717 2583 954 2617; x_wconf 74' lang='lat' dir='ltr'><strong>concrederet.</strong></span> <span class='ocrx_word' id='word_1_236' title='bbox 969 2580 1025 2625; x_wconf 77' lang='lat'><strong>(3)</strong></span> <span class='ocrx_word' id='word_1_237' title='bbox 1039 2584 1125 2614; x_wconf 84' lang='lat' dir='ltr'><strong>Edit.</strong></span> <span class='ocrx_word' id='word_1_238' title='bbox 1142 2584 1187 2617; x_wconf 82' lang='lat' dir='ltr'><strong>L.</strong></span> <span class='ocrx_word' id='word_1_239' title='bbox 1205 2583 1365 2622; x_wconf 79' lang='lat' dir='ltr'><strong>Othone,</strong></span> <span class='ocrx_word' id='word_1_240' title='bbox 1379 2597 1465 2628; x_wconf 77' lang='lat' dir='ltr'><strong>quae</strong></span> 
     </span>
     <span class='ocr_line' id='line_1_35' title="bbox 175 2635 1310 2685; baseline 0.011 -21"><span class='ocrx_word' id='word_1_241' title='bbox 175 2635 305 2666; x_wconf 77' lang='lat' dir='ltr'><strong>videtur</strong></span> <span class='ocrx_word' id='word_1_242' title='bbox 327 2646 401 2667; x_wconf 83' lang='lat' dir='ltr'><strong>vera</strong></span> <span class='ocrx_word' id='word_1_243' title='bbox 426 2636 534 2668; x_wconf 85' lang='lat' dir='ltr'><strong>lectio.</strong></span> <span class='ocrx_word' id='word_1_244' title='bbox 574 2638 734 2683; x_wconf 76' lang='lat' dir='ltr'><strong>(4)Ed1t.</strong></span> <span class='ocrx_word' id='word_1_245' title='bbox 761 2638 871 2674; x_wconf 70' lang='lat' dir='ltr'><strong>dedit.</strong></span> <span class='ocrx_word' id='word_1_246' title='bbox 912 2637 968 2682; x_wconf 78' lang='lat'><strong>(5)</strong></span> <span class='ocrx_word' id='word_1_247' title='bbox 985 2642 1072 2672; x_wconf 90' lang='lat' dir='ltr'><strong>Edit.</strong></span> <span class='ocrx_word' id='word_1_248' title='bbox 1101 2641 1310 2685; x_wconf 82' lang='lat' dir='ltr'><strong>deponeres.</strong></span> 
     </span>
    </p>
   </div>
  </div>
 </body>
</html>
