1572 3054
1402 28 1427 69 :if
1520 0 1572 153 Ἰ

1555 130 1572 166 {2

228 288 305 331 3542
677 284 1046 323 PRINCIPIA

236 405 336 455 soli
377 417 433 456 et
465 404 728 457 imbribus
761 417 816 457 et
855 404 1108 475 grandini
1141 418 1205 478 ‚et
1238 404 1486 459 nivibus:

236 513 421 564 neque
452 493 561 566 (se)
594 495 849 548 adversus
878 496 991 549 tela
1021 496 1304 548 munitum
1335 515 1489 567 prae-

234 583 398 636 bere:
475 584 783 656 spectandis
841 587 900 637 in
963 603 1158 656 campo
1219 586 1488 639 militibus

238 693 462 745 operam
488 674 645 737 dare,
687 687 743 727 et
772 693 961 744 aegros
986 676 1339 746 intervisere:
1372 695 1489 730 non

237 766 513 816 incuriose
544 783 647 836 per
681 765 922 818 militum
955 765 1318 818 contubernia
1338 780 1493 828 ,tran-

238 856 372 916 sire,
433 854 527 907 sed
558 852 702 907 forte
734 868 940 908 temere
973 856 1240 929 Syrorum
1273 853 1514 908 mundi-'

238 944 342 995 tias
382 944 747 1016 introspicere
787 958 837 998 et
875 946 1295 1009 Pannoniorum
1330 947 1490 998 insci-

237 1034 359 1084 tias,
467 1031 602 1084 Sero
665 1034 784 1103 ipse
845 1046 975 1103 post
1031 1033 1216 1086 decisa
1273 1037 1494 1105 negotia

171 1135 179 1149 “
236 1121 421 1175 lavare
443 1136 526 1179 (uz
563 1140 757 1175 mensa
782 1121 984 1186 sobria,
1024 1125 1178 1176 victu
1208 1125 1270 1176 in
1305 1126 1492 1177 castris

239 1181 490 1282 plebgmz
547 1213 741 1264 vinum
790 1213 925 1276 loci„
985 1232 1187 1284 aquam
1230 1216 1495 1287 temporis

240 1298 468 1354 bibere:
537 1302 776 1372 primam
844 1302 1086 1371 vigiliam
1144 1301 1304 1356 facile
1369 1304 1498 1374 vigi.-

240 1390 380 1451 lare‚
439 1404 776 1460 postremam
812 1391 1138 1444 iamdudum
1172 1396 1494 1464 ‚expergitus

244 1479 486 1550 opperiri
502 1494 587 1536 (2):
626 1479 816 1533 labore
843 1484 1013 1551 magis
1045 1501 1213 1553 quam
1244 1485 1359 1535 otio
1391 1482 1492 1536 lae-

244 1570 364 1631 tari,
388 1570 504 1621 otio
529 1567 597 1622 ad
616 1569 863 1623 laborem
891 1571 1062 1624 abuti.
1097 1574 1286 1626 Vacua
1302 1573 1497 1627 militm

244 1657 397 1713 ribus
422 1672 674 1730 tempora
687 1660 936 1714 civilibus
951 1649 1185 1732 negotiis
1205 1681 1494 1735 occupare.

248 1750 313 1801 In
360 1751 596 1821 penuria
646 1749 830 1805 subita
866 1753 1030 1805 ramis
1069 1771 1498 1825 nonnumquam

248 1852 303 1892 et
350 1838 639 1892 frondibus
688 1859 793 1912 pro
845 1842 1180 1913 supellectile
1228 1862 1359 1897 usus
1399 1857 1495 1898 est.

250 1927 562 2000 Caespitem
593 1924 878 1983 interdum
906 1945 970 1985 ut
999 1945 1184 1986 torum
1204 1933 1495 1987 incubans.

249 2018 522 2070 Somnum
545 2022 690 2090 cepit
710 2020 894 2073 labore
908 2037 1182 2092 paratum,
1203 2041 1318 2075 non
1342 2024 1495 2076 silen-
1529 2062 1531 2069 .

250 2110 330 2160 tio
343 2110 667 2179 quaesitum.
683 2111 947 2163 Graviora
964 2110 1236 2185 (de)mum
1243 2131 1499 2183 perverse

253 2174 617 2250 factaffss'evere
645 2201 1057 2265 animadvertit,
1095 2202 1298 2254 leviora
1319 2204 1496 2256 sciens

306 2473 373 2522 (ι)
406 2472 510 2512 cod.
541 2474 687 2521 lavat,
726 2483 767 2514 ec
796 2489 934 2515 mensa
963 2485 1039 2516 ecc.

310 2554 376 2605 (2)
409 2554 509 2596 Cod.
543 2560 716 2607 operiri.
