1708 3028
364 256 441 297 226
746 253 824 292 DE
851 252 1236 294 ORATIONIBUS

367 373 663 429 Cleanthes
710 393 853 445 aqua
913 374 980 426 de
1034 388 1208 446 puteo
1274 375 1616 430 extrahenda

365 470 578 519 victum
615 464 914 535 quaerebat
932 476 1003 522 (ι).
1048 464 1179 516 Tibi
1219 482 1614 536 saepenumero

369 553 673 608 curandum
720 573 942 606 crocum
992 555 1051 606 in
1101 554 1322 607 theatro
1355 568 1406 612 (α)
1454 557 1618 627 longe

366 646 547 717 adque
566 658 623 705 (3)
654 645 760 697 alte
782 647 1124 716 exprimatur
1155 685 1166 696 .
1202 685 1214 697 .
1253 685 1264 697 .
1295 685 1308 696 .
1339 646 1619 716 Diogenes

369 737 449 811 Cy
456 741 612 788 nicus
626 754 738 788 non
748 733 913 787 modo
927 735 1135 787 nullam
1149 736 1442 810 pecuniam
1456 754 1619 806 quae-

366 829 519 888 sivit,
551 825 642 879 sed
670 827 834 877 etiam
858 827 1139 897 propriam
1160 826 1404 895 neglexit
1415 841 1469 885 (4)
1489 866 1502 879 .
1529 867 1540 878 .
1566 867 1578 878 .
1602 867 1615 878 .

367 1035 387 1056 s
420 1019 511 1056 lana
540 1017 671 1055 soloci
701 1016 751 1056 ad
780 1031 1009 1070 purpuram
1041 1017 1181 1058 data».
1211 1019 1377 1055 Marcus
1405 1019 1482 1058 De
1497 1018 1618 1057 rehus

361 1087 448 1124 suis
478 1084 509 1122 I.
536 1082 583 1123 ib
606 1095 836 1122 recensens
860 1095 910 1122 ea
930 1096 1035 1136 quae
1057 1083 1106 1121 ab
1121 1081 1317 1120 Antonini
1327 1080 1394 1118 Pii
1420 1081 1619 1134 exemplis

362 1149 588 1196 didicerat,
634 1146 716 1186 hoc
755 1146 878 1186 etiam
915 1149 958 1185 in
998 1161 1047 1187 eo
1077 1146 1233 1194 laudat,
1283 1145 1398 1199 quod
1425 1146 1620 1184 nimirum

361 1225 560 1256 texturae
571 1217 840 1255 cincturaeve
854 1217 1035 1254 vestium
1054 1216 1243 1253 curiosus
1266 1209 1520 1269 nonsuerzk,
1549 1215 1621 1252 cu’x.

363 1279 557 1328 ἒπινοητῆς
577 1276 656 1331 περὶ
674 1272 838 1324 ἐσθήτων
859 1271 970 1331 &puk
993 1277 1062 1317 καὶ
1084 1275 1219 1330 χρόας.
1270 1279 1366 1316 Huc
1389 1276 1487 1316 facit
1509 1276 1620 1330 quod

365 1345 641 1399 Capitolinus‘
661 1343 717 1382 de
756 1345 897 1382 Marco
927 1351 1070 1382 narrat
1097 1343 1139 1380 in
1170 1342 1258 1381 eius
1290 1343 1372 1382 vita
1399 1357 1439 1396 p.
1472 1345 1534 1384 33.
1564 1345 1614 1381 Β.

363 1430 386 1452 s
416 1409 726 1450 Duodecimum
764 1421 916 1448 annum
943 1408 1178 1459 ingiessus,
1218 1406 1404 1446 habitum
1429 1407 1619 1461 philoso-

366 1492 385 1518 >›
413 1477 487 1530 phi
525 1474 771 1527 assumpsit,
825 1483 866 1513 et
905 1472 1103 1526 deinceps
1152 1473 1440 1540 tffleiantiam,
1491 1487 1619 1526 quum

365 1560 386 1580 v
417 1540 608 1580 studeret
630 1539 673 1577 in
701 1539 829 1593 pallio
857 1547 899 1578 et
925 1539 1039 1579 humi
1060 1535 1244 1588 cubaret,
1274 1541 1343 1588 vix
1373 1547 1512 1578 autem
1531 1554 1618 1579 ma·

364 1625 385 1646 υ
418 1617 484 1646 tie
512 1614 686 1659 agente,
739 1604 911 1644 instrato
940 1603 1119 1657 pellibus
1146 1604 1303 1644 lectulo
1333 1604 1555 1644 accubaret
1584 1619 1618 1648 ›>

416 1675 481 1725 (1)
510 1673 622 1710 Hinc
650 1670 840 1711 Cleanthi
865 1668 1089 1710 conflatum
1117 1677 1182 1709 est
1209 1684 1360 1711 nomen
1389 1667 1620 1723 φρεάντλης.

365 1740 415 1782 V.
445 1735 662 1776 Laertium
684 1735 728 1773 in
757 1736 848 1774 eius
875 1735 972 1780 vita,
1287 1773 1290 1776 ,

419 1804 482 1855 (2)
516 1818 535 1841 >›
554 1803 733 1842 Crocum
757 1800 913 1854 (inquit
925 1801 1084 1841 Plinius
1094 1801 1354 1856 Histonxxi.
1369 1802 1481 1843 Sect.
1496 1801 1620 1852 ινιτ.)

369 1887 387 1906 »
418 1868 564 1906 tritum
588 1867 693 1906 mire
718 1866 910 1918 congruit
930 1865 982 1905 ad
1005 1866 1169 1906 theatra
1185 1864 1438 1919 replenda.»
1466 1867 1519 1905 Et
1531 1866 1621 1920 qui-

364 1934 461 1975 dem
499 1932 738 1971 Hadrianus
773 1931 872 1984 imp.
913 1931 955 1969 in
989 1931 1194 1971 honorem
1234 1932 1399 1970 Traiani
1439 1932 1620 1971 balsama

363 2008 406 2040 et
433 2011 606 2040 crocum
631 2011 711 2050 per
739 1996 900 2049 gradus'
916 1996 1068 2036 theatri
1096 1996 1234 2036 ssuere
1258 1996 1384 2036 iussit.
1413 1997 1464 2038 V.
1494 1998 1620 2050 Spar-

361 2067 518 2106 tianum
543 2065 587 2103 in
615 2062 729 2113 illius
757 2062 843 2103 vita
870 2075 910 2114 p.
948 2056 1008 2102 13³.
1046 2063 1092 2103 C.
1140 2063 1270 2101 Usum
1297 2062 1412 2101 croci
1437 2061 1480 2100 in
1506 2062 1618 2102 thea-

361 2141 428 2171 tro
455 2141 629 2170 romano
659 2135 987 2167 commemorant
1013 2136 1164 2180 poetae
1189 2127 1357 2181 passim.
1412 2166 1414 2169 ,

418 2197 487 2250 (3)
517 2197 692 2250 adque,
742 2207 823 2248 pro
863 2203 991 2247 atque
1020 2192 1191 2232 memini
1219 2207 1286 2232 me
1315 2193 1464 2232 videre
1494 2193 1618 2233 etiam

362 2262 460 2303 alias
498 2262 541 2300 in
580 2259 757 2313 antiquis
798 2258 1073 2307 membranis,
1124 2258 1252 2312 idque
1281 2258 1392 2298 haud
1419 2272 1518 2298 raro
1547 2273 1619 2298 no-

361 2338 492 2369 tatum
520 2334 584 2366 est
612 2339 635 2364 a
662 2324 1011 2378 palaeographiae
1040 2324 1250 2367 studiosis.
1298 2326 1350 2370 V.
1393 2324 1615 2371 cellarium

361 2394 563 2445 Orthogr.
593 2391 663 2432 lat.
692 2405 734 2444 p.
765 2403 829 2433 20.
1292 2382 1298 2389 ³
1532 2386 1546 2405 ’Χ

415 2460 485 2512 (4)
516 2455 690 2509 Fugisse
718 2455 975 2508 Diogenem,
1010 2469 1134 2510 quum
1162 2446 1401 2513 eiuslpater
1426 2455 1618 2509 publicus

357 2523 589 2566 mensurius
608 2521 827 2576 pecuniam
847 2521 1125 2572 adulteraret,
1149 2531 1290 2573 narrat
1311 2522 1483 2562 Diocles
1504 2523 1615 2576 apud
