1708 3028
347 190 430 237 304
742 187 856 229 PRO
885 187 1178 248 vonumuto

347 324 548 382 parum
571 311 847 381 prd‘speris
873 329 1004 362 usus
1037 323 1132 363 est.
1194 311 1388 363 Verius
1422 312 1605 366 immo*

351 412 465 462 est,
523 399 678 451 illum
725 401 822 470 qui
872 400 1202 471 opinionem
1237 401 1454 469 virtutis
1501 419 1608 469 ner

349 490 544 560 glegat‚
567 490 743 560 ipsam
765 507 988 561 quoque
1008 489 1593 558 neglegeiovirtutem.

347 580 545 649 Neque
606 580 895 648 quisquam
955 577 1130 630 bonas
1191 590 1334 630 artes
1396 597 1596 650 magno

287 729 291 732 ⁴
349 689 519 741 opere
534 667 716 721 studet
741 667 983 738 adipisci,
1009 687 1141 738 quas
1163 666 1397 738 adeptus
1417 688 1597 722 necne

349 763 443 823 sit,
494 778 612 813 non
651 757 837 811 studet
870 759 1008 811 scire
1032 797 1195 810 .....
1220 757 1290 810 de
1321 750 1602 812 ssptentia

350 892 362 903 .
399 892 410 903 .
441 891 455 901 .
489 891 500 902 .
533 849 813 902 cumulare
844 887 857 900 .
889 888 901 899 .
937 888 948 899 .
970 847 1206 900 verbum
1228 847 1380 918 quod
1401 850 1462 903 in
1485 867 1600 902 sen÷

347 942 526 994 tentia
547 981 560 991 .
585 979 597 990 .
621 980 634 992 .
658 980 671 992 .
698 940 852 991 curia
874 979 885 991 .
914 979 926 991 .
951 979 963 990 .
991 979 1003 990 .
1029 958 1132 1009 qur
1158 939 1378 1008 miro(r)
1404 979 1416 990 .
1451 977 1464 989 .
1498 978 1511 989 .
1543 979 1555 989 .
1581 956 1596 990 ς

347 1031 626 1102 principio
661 1067 905 1081 ......
939 1028 1039 1080 Sin
1067 1027 1373 1099 repudium,
1390 1027 1520 1080 dare
1545 1039 1604 1080 et

349 1122 536 1174 Gneus
569 1117 752 1189 orbari
781 1118 984 1189 possit,
1024 1117 1081 1168 id
1114 1117 1329 1170 dubito,
1368 1115 1515 1170 Nam
1542 1114 1602 1169 id
1680 1115 1688 1127 ’

349 1209 499 1283 quod
541 1210 774 1279 lon'gum
805 1209 901 1270 sit,
965 1225 1127 1279 posse
1162 1207 1443 1261 interdum
1481 1203 1605 1259 fieri

347 1301 581 1371 longius,
621 1299 793 1351 altum
813 1298 990 1359 altius,
1031 1316 1390 1350 numerosum
1413 1316 1601 1349 nume·

346 1393 542 1445 rosiUS.
620 1389 774 1440 Haec
824 1399 879 1439 et
927 1387 1192 1438 eiusmodi
1234 1387 1404 1440 verba
1442 1385 1600 1438 video

350 1481 637 1534 admittere
653 1476 876 1548 aliquod
892 1477 1124 1545 augendi
1144 1478 1524 1531 laxamentum
1538 1474 1600 1530 ⁹⁶:

347 1573 519 1644 pleno
566 1581 752 1620 autem
799 1566 1014 1637 plenius
1065 1564 1206 1617 nihil
1255 1563 1375 1618 fieri
1421 1583 1599 1638 posse.

349 1661 494 1714 Nam
542 1671 598 1710 et
645 1655 910 1728 poculum
961 1653 1215 1726 profecto
1275 1657 1319 1717 si
1374 1656 1603 1728 plenum

352 1753 435 1811 sit,
468 1748 636 1817 magis
673 1744 919 1816 conpleri
951 1742 1153 1795 frustra
1183 1745 1458 1814 postules,
1495 1746 1603 1797 nisi

353 1837 611 1893 effuderis
644 1877 655 1887 .
690 1876 702 1888 .
736 1875 748 1886 .
783 1875 795 1886 .
828 1834 1015 1904 potius
1043 1873 1054 1884 .
1081 1873 1092 1884 .
1117 1872 1129 1884 .
1156 1874 1167 1886 .
1191 1846 1322 1905 post
1343 1874 1354 1886 .
1380 1871 1391 1883 .
1412 1875 1423 1886 .
1450 1875 1462 1886 .
1485 1847 1602 1887 tam

448 2076 472 2101 ²⁵²
504 2077 566 2121 In
599 2075 854 2133 margine:
892 2076 1001 2118 Sunt
1021 2091 1149 2118 verva
1176 2081 1234 2126 (ι)
1255 2073 1454 2134 pleraque

621 2173 712 2220 quae
768 2157 996 2200 admittunt
1052 2154 1220 2215 aliquod
1278 2154 1455 2210 augendi

620 2239 902 2282 laxamentum
934 2243 1022 2278 etc.
1059 2242 1114 2278 at
1148 2234 1199 2278 in
1236 2238 1405 2296 tenena·

366 2348 1612 2369 *W*

410 2459 478 2512 (ι)
505 2459 613 2499 Nota
639 2473 775 2502 verva
800 2469 879 2510 pro
910 2455 1055 2499 verba.
1482 2485 1504 2494 ,
1579 2474 1581 2482 2
