1708 3028
355 253 432 282 222
722 243 800 282 DE
844 243 1228 286 ORATIONIBUS

350 374 520 433 atque
561 366 812 434 egestatis
834 407 847 428 ,
889 379 1223 439 quamquam
1268 380 1502 438 utraqu-e
1545 380 1599 420 et

353 452 564 505 malitia
590 466 644 506 et
663 455 870 507 virtute
895 469 1116 509 careant
1132 498 1144 519 ,
1178 469 1366 509 tamen
1385 458 1617 515 electio-f

353 561 482 595 nem
521 542 685 596 laude
735 557 789 597 et
824 546 990 618 culpa
1038 565 1156 598 non
1203 565 1401 599 carere,
1440 547 1601 598 <Pro-

351 633 537 704 prium
602 653 843 706 namque
898 638 1162 708 sapientis
1224 633 1472 688 officium
1523 647 1603 688 est

342 707 500 803 'recte
535 723 754 795 eligere,
797 745 981 797 neque
1014 746 1304 798 perperam
1339 726 1424 778 vel
1455 738 1604 796 post-

351 830 565 883 ponere
598 815 686 866 vel
719 814 1009 870 anteferre.
1071 817 1130 869 Si
1155 835 1244 869 me
1260 818 1603 886 *interrog-es»,

353 904 740 973 concupiscam
787 925 861 959 ne
918 905 1122 959 bonam
1178 900 1603 959 valetudinem?

352 991 597 1043 abnuam
645 993 902 1063 equidem
961 999 1005 1048 si
1065 998 1165 1049 sim
1219 994 1601 1068 philosophus,

349 1073 507 1134 Nihil
541 1095 622 1135 est
651 1086 799 1135 enim
824 1083 904 1136 fas
937 1088 1330 1157 concupiscere
1366 1085 1605 1155 sapienti

353 1182 450 1222 aut
481 1170 766 1243 adpetere,
807 1173 957 1244 quod
1004 1173 1116 1227 fors
1154 1174 1276 1228 fuat
1309 1194 1378 1227 an
1403 1173 1606 1226 frustra

356 1263 733 1333 concupiscat.
809 1263 930 1316 Nec
970 1266 1304 1336 quicquam,
1352 1263 1603 1334 quodin

352 1371 524 1407 manu
541 1352 796 1407 fortunae
816 1356 980 1410 situm
1005 1354 1214 1417 videat,
1229 1355 1600 1425 concupiscet.

353 1444 569 1495 Tamen
609 1445 652 1495 si
693 1446 1003 1497 necessario
1055 1446 1126 1498 sit
1167 1445 1338 1498 altera
1378 1463 1462 1497 res
1511 1442 1602 1494 eli-

352 1532 552 1604 genda,
570 1532 803 1586 Achillei
817 1549 875 1591 (ι)
895 1537 1080 1606 potius
1102 1536 1488 1606 pernicitatem
1511 1532 1600 1584 eli-

350 1642 499 1693 gam,
528 1643 694 1694 quam
719 1622 1061 1678 debilitatem
1086 1619 1490 1678 Philoctetae*
1519 1622 1598 1674 Si-

350 1714 480 1766 mile
504 1715 671 1783 igitur
689 1714 750 1766 in
771 1715 1091 1785 eloquentia
1109 1714 1451 1768 servandum.
1466 1711 1598 1765 Non

465 1872 490 1897 ³*
522 1873 584 1918 In
618 1875 876 1934 margine:
910 1878 1085 1937 Sapiens
1119 1878 1225 1921 nihil
1259 1893 1310 1921 ex
1340 1878 1421 1932 his,

586 1973 677 2018 quae
719 1959 762 2002 in
805 1960 996 2004 manibus
1038 1961 1213 2003 fortunae
1253 1960 1422 2013 videat,

574 2042 854 2100 concupiscit.
946 2043 995 2085 In
1038 2041 1238 2086 electione
1281 2053 1419 2086 tamen

451 2128 474 2151 ⁸
585 2123 737 2168 Achilli
771 2126 912 2184 potius
944 2126 1255 2184 pernicitatem,
1293 2140 1418 2186 quam

588 2206 842 2251 Philoctetae
876 2206 1134 2252 debilitatem
1163 2218 1397 2267 praeoptet.

407 2383 470 2434 (1)
501 2382 603 2422 Cod.
634 2386 837 2434 Achillei,
875 2383 950 2424 aed
977 2393 1115 2424 tamen
1143 2399 1166 2426 e
1191 2382 1360 2423 videtur
1387 2391 1599 2436 expuncta.

350 2454 454 2493 Mihi
501 2455 594 2508 plus
643 2470 764 2510 quam
811 2462 829 2499 i
871 2458 1011 2511 placet
1049 2460 1111 2507 ei,
1151 2463 1362 2510 quaeest
1399 2454 1603 2496 vetustior

350 2524 663 2579 orthographia.
